4364 5484
1057 413 1105 503 lb

396 614 473 687 tas,
497 614 651 693 iratas,
672 614 886 690 nefastus.)
930 616 1022 683 ilarro
1049 619 1105 683 sibi
1134 628 1251 687 constat
1271 625 1300 686 ln
1323 625 1509 703 impositione
1530 623 1739 688 vocabulorum
1759 622 1875 688 illoram

299 724 316 786 l.
342 720 385 801 ir,
408 721 466 787 29:
487 723 572 786 dies
592 724 690 786 iasii
713 739 766 802 per
786 739 861 803 qnos
882 724 1069 804 praetoribus
1090 733 1189 793 omnia
1208 730 1298 793 rerba
1319 734 1384 794 sine
1404 730 1598 811 piaeniollaet
1619 731 1685 794 lari
1701 730 1788 794 -lb.
1811 729 1878 795 30.:

304 831 446 896 emeram
476 830 580 894 borum
611 840 753 896 rorantur
775 832 839 896 dles
859 833 1033 909 nefasti,
1056 850 1109 914 per
1131 853 1205 918 quos
1227 838 1291 900 dies
1313 838 1399 902 netas
1419 837 1476 901 lari
1496 844 1679 918 praetorem:
1707 836 1768 915 do,
1791 833 1878 912 dico,

302 937 439 1013 Meo,
460 942 561 1019 ltaque
584 956 641 1004 non
663 946 764 1022 potest
785 946 854 1021 agi;
876 957 999 1005 neeesse
1020 945 1097 1006 enim
1119 943 1218 1022 aliquo
1239 959 1340 1007 eornm
1361 947 1404 1007 nil
1427 944 1534 1023 aerbo,
1554 944 1701 1020 enmlege
1719 942 1789 1024 qni
1810 960 1878 1023 per·

302 1051 411 1123 agltnr.
436 1078 470 1091 -
497 1048 541 1109 ci.
576 1048 657 1111 0rld.
690 1050 768 1113 Fsst
799 1049 820 1129 l,
841 1050 908 1113 ta:
931 1049 982 1113 llia
1003 1050 1137 1113 nefastus
1159 1054 1215 1112 erit
1237 1067 1290 1130 per
1308 1066 1398 1130 onena
1420 1053 1477 1113 tria
1499 1050 1588 1113 rerba
1612 1050 1752 1129 silentnr3
1773 1051 1879 1113 Fastns

301 1159 358 1217 erit
380 1170 541 1235 perquem
565 1155 631 1231 lege
652 1155 753 1219 licebit
779 1159 836 1233 agi.
860 1188 897 1201 -
923 1158 969 1220 Cf.
993 1158 1110 1221 Festum
1132 1174 1160 1237 p.
1184 1155 1223 1222 66
1241 1176 1265 1220 s.
1289 1175 1334 1222 rr.
1353 1159 1525 1236 futorum
1540 1155 1621 1218 libri
1648 1157 1879 1237 cisterciensem

300 1280 330 1343 p.
352 1261 394 1327 70
414 1281 440 1328 s.
463 1279 489 1324 r.
519 1263 626 1343 sartis
656 1263 783 1328 diebus.
805 1284 845 1308 -ι
867 1265 910 1327 Ct
933 1264 1101 1344 laterpratt
1130 1285 1157 1347 p.
1186 1264 1257 1330 426.
1279 1263 1350 1330 las.
1371 1261 1442 1330 43ss.
1470 1298 1503 1310 -
1528 1265 1746 1329 Lindemannns
1767 1265 1786 1328 l.
1809 1266 1828 1329 Ι.
1851 1283 1880 1346 p.

301 1369 373 1436 lta.
400 1373 513 1450 fartor
544 1380 574 1435 et
601 1373 716 1450 sertor
742 1372 806 1436 dies
835 1372 1010 1437 derivandos
1039 1372 1110 1438 dielt
1137 1391 1154 1437 a
1183 1376 1334 1439 Sansorlto
1356 1372 1446 1451 diros,
1469 1374 1646 1437 Graecorum
1670 1366 1780 1460 φάος,
1802 1389 1879 1455 qnae

302 1480 413 1541 lacem
433 1480 585 1543 denotent.
629 1479 715 1543 idda
738 1497 826 1559 vero,
847 1480 940 1559 probe
963 1483 1122 1546 tenendam
1145 1498 1231 1557 esse,
1254 1483 1318 1544 llari
1339 1498 1444 1562 posse,
1467 1488 1500 1543 nt
1521 1480 1765 1560 quemadmodum
1790 1475 1880 1569 φάω,

304 1589 405 1667 inraso,
426 1595 457 1652 et
478 1583 558 1676 φάω
581 1588 670 1675 φημί
698 1589 780 1663 dieo,
803 1589 880 1667 apud
902 1590 1030 1653 Graecos
1051 1591 1162 1654 iirerlnt
1182 1594 1364 1669 eommunia,
1385 1590 1601 1667 signidoadone
1624 1597 1722 1651 tamen
1746 1590 1881 1669 dirersa3

305 1699 345 1758 ita
370 1697 537 1761 latinorum
568 1699 687 1776 sortem
720 1707 750 1759 et
779 1699 895 1775 sertus
927 1701 1060 1774 potuisse
1093 1701 1188 1763 torma
1220 1700 1337 1778 quidem
1371 1702 1551 1772 eommunia,
1585 1714 1618 1759 re
1650 1713 1718 1759 esse
1747 1699 1881 1761 diversa:

301 1807 342 1867 lta
364 1811 396 1867 nt
415 1807 543 1884 fertur,
566 1806 643 1885 quod
664 1805 815 1885 probabile
834 1810 890 1884 sit,
914 1809 1004 1868 etlam
1026 1810 1144 1884 sartor
1166 1809 1312 1886 prolatum
1333 1823 1420 1877 esse,
1441 1805 1588 1866 laedium
1599 1804 1767 1881 signidoare
1778 1809 1881 1886 possit,

303 1905 469 1998 ᾳαιστόν;
491 1921 593 1976 eontra
618 1915 734 1992 sosius
763 1908 897 2001 φαστόν
929 1915 1005 1993 quod
1035 1915 1108 1994 dici,
1141 1917 1185 1978 vei
1208 1917 1257 1978 abl
1279 1916 1334 1978 dlcl
1358 1917 1459 1994 possit.
1504 1915 1655 1976 Sanscrlta
1677 1919 1776 1976 antem
1799 1917 1881 1991 origo

304 2025 328 2082 si
352 2028 433 2085 reeta
456 2017 555 2100 eslii),
577 2022 719 2085 rooabnlo
738 2024 855 2101 fertur
875 2026 930 2087 nisi
965 2025 1022 2086 aim
1056 2022 1163 2084 lucidi
1181 2027 1297 2103 proprie
1327 2039 1384 2086 non
1416 2025 1515 2084 inesse
1549 2025 1662 2096 arguit,
1692 2036 1778 2100 quam
1812 2038 1881 2085 nns-

309 2144 397 2208 puam
426 2128 533 2210 babet;
562 2136 717 2208 praeterea
746 2132 857 2194 testum
885 2135 975 2195 allam
1000 2131 1109 2194 tastum
1138 2132 1282 2211 prolatum
1314 2148 1398 2208 esse,
1422 2131 1509 2193 nullis
1531 2128 1649 2209 probari
1671 2135 1768 2208 potest
1792 2128 1881 2194 doen·

305 2240 422 2299 mentis.
445 2269 480 2281 —
509 2238 641 2302 lloederl.
662 2238 681 2302 l.
702 2239 731 2301 l.:
751 2239 810 2316 sor
830 2239 915 2302 reabt
936 2240 996 2303 und
1016 2240 1151 2303 nlemliolr
1174 2271 1212 2282 —
1235 2239 1342 2302 diabol.
1366 2240 1450 2302 dorm
1474 2254 1528 2301 ron
1550 2230 1672 2323 φατόν.

400 2345 558 2419 ianam.)
602 2346 741 2410 l'arroals
770 2346 976 2423 etymologiam
1006 2348 1111 2427 probat
1142 2349 1244 2408 Festus
1271 2346 1319 2422 (Ρ.
1345 2347 1392 2418 li.)
1422 2363 1450 2425 p.
1480 2345 1537 2409 70:
1561 2343 1664 2416 Foris,
1687 2344 1765 2424 qnod
1788 2343 1881 2408 tando

305 2460 523 2517 consecrantur.
549 2454 648 2515 -ld
678 2471 707 2533 p.
737 2451 793 2517 66:
826 2453 950 2515 Fanum
979 2456 1119 2518 alanno
1148 2456 1274 2530 dietum,
1303 2458 1366 2516 sive
1387 2469 1404 2516 a
1426 2451 1533 2531 fando,
1557 2452 1634 2532 qnod
1656 2450 1725 2514 dnm
1746 2452 1881 2529 pontifex

304 2561 436 2639 dedicat,
458 2568 539 2624 aeria
571 2563 659 2624 rerba
695 2563 783 2625 intur.
806 2596 843 2605 —
868 2562 912 2624 Ci.
936 2562 1111 2625 commenti.
1136 2579 1161 2639 p.
1193 2558 1272 2639 lar,
1294 2561 1344 2624 ubl
1367 2560 1506 2623 Daeerlus
1535 2563 1663 2622 maxime
1684 2558 1802 2638 placere
1823 2560 1880 2622 sibl

304 2669 374 2732 dicii
403 2674 580 2733 sententiam
610 2671 719 2743 vossii,
743 2673 793 2750 qul
824 2678 907 2749 putet
937 2673 1038 2733 fanum
1061 2685 1129 2733 esse
1151 2687 1202 2744 eo,
1224 2669 1301 2748 qnod
1323 2669 1353 2732 ld
1376 2670 1476 2731 Graeci
1498 2668 1633 2731 sinrlllter
1654 2663 1738 2730 sads
1760 2676 1877 2748 rosent3

304 2794 408 2855 nempe
430 2793 484 2855 per
507 2781 765 2856 transpositionem
787 2779 880 2841 luisse
902 2772 1002 2853 οἶνόν,
1025 2779 1077 2840 sed
1100 2780 1234 2856 spiritam
1257 2778 1339 2840 abire
1358 2779 1477 2856 saepias
1500 2779 1528 2838 ln
1548 2777 1586 2854 [3
1609 2792 1682 2852 ergo
1703 2793 1740 2839 er
1761 2775 1879 2854 obliquo

302 2879 386 2945 α’νόε
407 2885 519 2948 ianam.
564 2885 620 2947 Sed
644 2901 732 2964 qaum
754 2886 910 2948 cuiuslibet
936 2886 1017 2948 serbi
1051 2885 1208 2947 declinatio
1237 2901 1295 2963 qno
1315 2886 1476 2963 simplicior
1497 2887 1554 2960 alt,
1576 2901 1611 2946 eo
1641 2888 1736 2952 mattis
1764 2883 1879 2960 legibus

303 2994 423 3069 linguae
452 2996 609 3055 conveniat
636 2997 803 3072 ceterisque
831 2994 967 3057 omnibns
998 2994 1073 3056 baud
1097 2992 1183 3055 dabla
1204 2995 1243 3054 sit
1264 2993 1484 3070 anteponenda,
1506 2994 1644 3054 assentiri
1667 3008 1726 3054 non
1749 3007 1879 3071 possum.

301 3102 411 3164 Eadem
443 3102 479 3164 de
507 3118 597 3164 eausa
626 3118 682 3166 non
712 3102 824 3180 probo,
855 3119 932 3182 quae
965 3103 1181 3164 lindemannns
1211 3100 1229 3162 l.
1252 3101 1269 3162 l.
1295 3100 1331 3162 de
1354 3100 1505 3162 Sanscrita
1527 3100 1590 3162 iani
1615 3102 1729 3176 origine
1752 3100 1881 3178 disputat

301 3209 348 3272 bis
372 3209 485 3273 serbis:
510 3209 631 3270 Fanum
653 3227 669 3271 a
693 3211 843 3272 Saascrlta
865 3227 937 3273 roae
960 3209 1096 3287 olonae,
1119 3226 1193 3288 qnae
1214 3208 1411 3287 splendorem,
1434 3209 1542 3284 lamen,
1565 3211 1692 3270 maxime
1711 3209 1808 3271 lnnren
1831 3225 1878 3273 so·

303 3318 355 3396 lls,
379 3321 532 3397 ipsamque
553 3319 644 3381 solem
668 3318 833 3398 significan
856 3327 902 3381 esi
925 3321 1015 3394 igitur
1036 3321 1138 3382 innunt
1163 3313 1201 3381 ad
1224 3309 1350 3405 φανόν,
1373 3320 1393 3378 l.
1417 3332 1444 3394 q.
1467 3315 1569 3394 luens,
1590 3317 1709 3395 propria
1731 3316 1813 3378 loeus
1834 3316 1878 3377 lu·

301 3426 404 3502 oldas,
428 3426 454 3488 b.
479 3443 503 3488 e.
534 3442 619 3488 sacer
649 3427 746 3500 locus,
776 3427 942 3505 saeellnm3
963 3432 996 3487 nt
1018 3429 1094 3489 enlm
1117 3429 1214 3488 lucus
1236 3443 1253 3489 a
1276 3424 1418 3502 lucendo,
1440 3427 1483 3488 sle
1506 3424 1607 3487 lanum
1628 3440 1645 3486 a
1666 3417 1764 3510 φάω,
1786 3420 1879 3498 lios,

302 3532 439 3596 diosas.
483 3534 648 3597 Secundum
680 3534 755 3596 banc
785 3534 989 3609 etymologiam
1020 3536 1122 3596 tanum
1153 3541 1234 3597 esset
1257 3534 1339 3596 bebr.
1360 3546 1471 3611 mear,
1493 3548 1586 3608 germ.
1612 3529 1779 3608 Liolttort,
1803 3547 1879 3611 qnae

302 3642 444 3705 oblano
473 3641 509 3704 de
538 3657 593 3704 nso
633 3642 771 3721 loquendi
809 3644 927 3704 mlnlme
967 3641 1068 3721 adest,
1108 3645 1241 3722 quamvis
1274 3642 1402 3705 fortasse
1438 3642 1486 3719 qui
1517 3639 1604 3703 bodie
1637 3639 1774 3703 dieantur
1806 3640 1879 3702 lueis

323 3889 364 3971 ⁴⁹)
386 3893 502 3954 Gnrtins
524 3913 581 3955 non
602 3899 772 3969 assentitur,
793 3899 845 3956 sed
865 3898 883 3958 l.
905 3897 922 3956 l.
944 3913 972 3969 p.
995 3898 1055 3954 220
1076 3915 1117 3970 sq.
1138 3898 1228 3956 latina
1246 3896 1386 3955 vocabula
1402 3896 1538 3974 festus,
1557 3894 1702 3971 ferirent,
1721 3892 1879 3970 feritates,

382 3996 499 4075 serios
527 3996 618 4056 radici
645 4015 766 4071 graesae
794 3998 875 4073 θες
906 4002 1029 4071 cognata
1050 3996 1223 4071 arbitratur,
1246 4014 1319 4071 quae
1341 3997 1428 4055 sitin
1448 3995 1560 4068 graecis
1583 3988 1790 4072 θεσσάμενοι
1810 3993 1831 4054 'a
1853 4007 1879 4053 a.

358 4091 604 4173 ἀἰτησάμενοι
624 4097 743 4173 (Archil.
766 4097 800 4160 ir.
825 4103 862 4158 10
884 4100 942 4173 Β.),
965 4095 1160 4161 deonandos
1181 4100 1200 4159 i.
1223 4117 1247 4158 e.
1269 4100 1373 4159 altato
1382 4139 1395 4171 ,
1416 4087 1572 4158 ἱκετεύειν
1594 4095 1753 4173 (listron),
1775 4082 1878 4154 mold-

385 4197 511 4272 θεστος
545 4201 664 4259 multum
681 4206 830 4273 exoratus,
862 4198 995 4278 Odotarp
1017 4216 1044 4261 n.
1067 4216 1112 4273 pr.
1164 4199 1297 4257 Latinam
1316 4196 1329 4255 l
1348 4213 1433 4272 quam
1454 4197 1517 4254 vioe
1538 4199 1636 4271 graeci
1658 4194 1688 4258 θ
1709 4210 1796 4268 saepe
1817 4189 1879 4250 tun·

385 4306 471 4372 gatar
496 4299 546 4375 (oi.
574 4301 634 4363 ll
667 4300 748 4362 redd
771 4303 844 4372 319,
868 4303 942 4371 320,
967 4303 1041 4372 314,
1065 4302 1143 4374 316,
1165 4300 1236 4374 145)
1258 4298 1455 4372 cognationem
1476 4295 1554 4355 illam
1575 4293 1754 4356 manifestam
1780 4290 1879 4351 babet.

250 4392 260 4411 ⁶
388 4429 427 4444 ·-
449 4398 584 4463 Doedarl
605 4401 623 4458 l.
646 4401 678 4462 l.:
706 4401 822 4479 serias
850 4399 963 4459 lestlicb
982 4432 1023 4446 ·-
1045 4392 1225 4471 α’σπαστός.

1685 4507 1723 4560 a·
