4358 5482
1068 373 1117 463 it

383 585 434 641 ani
461 578 572 641 Pareae
600 575 705 658 laudo,
735 577 844 643 dicium
870 581 993 644 iatum
1021 585 1052 642 et
1082 579 1241 644 iatales.
1286 580 1329 645 id
1348 581 1424 645 lianc
1446 579 1571 644 eandem
1593 598 1695 646 rooeru
1717 583 1767 661 qul
1789 578 1879 645 iacila

383 687 500 763 fantur,
528 685 695 749 ineundi
723 684 811 766 dieti,
838 693 869 752 et
900 690 950 768 qui
981 687 1082 751 ilitura
1108 688 1338 768 praedirtuaudo
1366 691 1483 753 soleant
1513 690 1586 768 iuri,
1608 689 1770 753 iaiidici
1792 688 1881 760 dletl3

381 793 458 856 idern
478 795 716 873 vaticinari,
750 796 828 874 quod
859 811 969 859 resaru
998 801 1099 858 naenia
1131 776 1342 862 iaciunt.‘Sad
1365 795 1570 876 deindepost
1591 799 1647 859 erit
1668 794 1881 874 usurpandum,

382 917 468 980 quoin
492 901 528 963 de
556 904 652 980 poetis
679 903 811 965 dicimus.
855 898 905 966 53.
932 903 1006 965 iiiuc
1029 903 1121 966 lasti
1149 903 1212 967 dies
1234 904 1341 984 qulbus
1363 904 1452 966 rerba
1472 911 1555 967 certo
1578 904 1710 980 legitima
1731 906 1796 965 sine
1818 904 1882 981 pia·

379 1009 444 1072 uuio
463 1009 648 1088 praetoribus
670 1010 739 1073 lieet
762 1010 828 1077 lari.
871 1011 915 1073 Ab
936 1010 993 1075 lroo
1015 1009 1167 1074 neiaatl
1189 1011 1296 1090 qubus
1317 1011 1421 1076 diebus
1444 1029 1479 1076 ea
1500 1010 1558 1075 iuri
1580 1013 1627 1074 ius
1644 1026 1703 1074 noa
1725 1016 1823 1074 estet
1845 1011 1874 1069 si

379 1117 432 1179 iuti
455 1124 533 1193 sunt,
554 1119 700 1196 piaculum
722 1118 843 1181 iaciunt.
888 1118 961 1181 iiiuc
981 1117 1072 1181 elfaia
1094 1117 1300 1199 diduntur,
1323 1119 1401 1201 quod
1422 1135 1550 1195 augures
1572 1118 1660 1182 dnenr
1682 1120 1881 1199 auspiciorum

380 1225 552 1289 coelestium
582 1233 666 1288 extra
696 1225 800 1290 urbem
827 1228 909 1302 agris
937 1232 1008 1289 suut
1037 1210 1124 1288 eiiati'
1149 1225 1197 1288 uiri
1227 1231 1325 1305 essei3
1355 1227 1423 1290 luido
1445 1227 1568 1291 eiiari
1597 1228 1709 1307 templa
1740 1226 1881 1289 dicuutur

304 1341 309 1353 ·
381 1333 419 1397 ab
448 1332 625 1411 auguribua3
645 1332 775 1397 affantur
797 1337 847 1414 qui
868 1337 898 1397 lu
921 1334 968 1397 iris
996 1334 1071 1397 lines
1101 1340 1180 1396 aunt.
1224 1333 1273 1397 ot.
1304 1335 1378 1399 ilino
1399 1335 1492 1398 iaua
1513 1339 1680 1412 nominata,
1703 1334 1781 1414 quod
1804 1334 1878 1413 don·

383 1440 477 1503 illices
498 1443 528 1502 in
546 1439 691 1504 sacrando
707 1441 764 1504 fati
785 1444 846 1504 siut
867 1441 972 1523 linem,
992 1443 1061 1505 lrlne
1082 1442 1284 1520 profanum
1307 1450 1353 1505 ast
1376 1442 1455 1522 quod
1477 1450 1546 1504 anie
1568 1442 1671 1505 fanum
1693 1445 1883 1506 coniuueturu

381 1549 469 1626 iano,
490 1548 557 1611 dinc
600 1543 895 1627 profanaturu⁴¹)
916 1552 947 1612 lu
967 1549 1163 1613 sacrificio...
1186 1557 1235 1627 ut,
1257 1565 1344 1628 quoru
1366 1550 1619 1629 profanatum
1640 1549 1766 1627 diditur,
1791 1547 1882 1610 ldest

377 1655 500 1735 proinde
518 1664 550 1717 ut
572 1657 612 1717 slt
634 1655 693 1717 iani
715 1657 890 1719 iactum....
933 1655 985 1721 55.
1010 1656 1053 1721 Ab
1077 1657 1179 1720 eodeni
1202 1658 1291 1721 vardo
1314 1658 1371 1720 lari
1392 1657 1568 1735 fabulae,
1590 1663 1624 1718 ut
1647 1657 1822 1734 tragoediae
1845 1662 1882 1717 et

378 1764 563 1840 comoediae,
593 1763 698 1825 dictae.
743 1764 814 1827 lllne
840 1764 941 1828 inssi
973 1780 1008 1828 ao
1039 1766 1241 1843 confessi,
1266 1768 1315 1843 qui
1337 1765 1392 1828 lati
1413 1764 1442 1828 id
1464 1764 1542 1846 quod
1563 1763 1601 1827 air
1624 1764 1670 1827 lrls
1695 1768 1880 1844 quaesitum.

382 1872 455 1934 ilino
483 1869 684 1950 professu
713 1870 781 1933 hino
808 1871 912 1935 ionia
946 1878 977 1935 et
1009 1873 1157 1936 famosi.
1201 1873 1244 1935 iu
1274 1873 1377 1936 eodeni
1406 1872 1512 1946 iulii,
1545 1872 1599 1935 sed
1632 1871 1829 1935 etfalsum
1853 1878 1886 1935 et

380 1979 563 2056 iallacie,
595 1995 671 2058 quae
699 1986 871 2058 propterea,
893 1979 971 2059 quod
992 1980 1083 2042 iando
1106 1997 1193 2061 quem
1215 1982 1339 2059 decipit,
1361 1995 1396 2043 eo
1424 1990 1528 2045 eontra
1557 1997 1644 2058 quarn
1667 1979 1758 2058 dixit,
1780 1980 1888 2044 iaciat.

380 2087 483 2165 ltaque
504 2090 528 2148 sl
554 2091 619 2166 quis
639 2104 672 2149 re
693 2086 787 2163 lollii,
808 2090 838 2149 ln
860 2087 915 2149 hoc
939 2104 997 2151 non
1018 2093 1135 2167 proprio
1159 2092 1275 2153 uouiiue
1298 2090 1435 2163 foliacia,
1457 2087 1510 2150 sed
1534 2088 1694 2161 tralatiiio,
1719 2095 1751 2148 ut
1771 2103 1789 2150 a
1806 2087 1884 2166 pede

380 2201 481 2257 nostro
502 2210 555 2274 pes
577 2194 644 2257 lecti
666 2211 701 2257 ae
723 2193 818 2257 betae.
861 2194 934 2256 ilino
956 2197 1044 2257 atiani
1068 2197 1367 2273 famigerabile
1390 2204 1418 2259 ei
1440 2197 1693 2274 sleeonaposltitia
1715 2196 1773 2257 olla
1795 2198 1881 2272 liena,

382 2308 415 2364 ut
436 2301 583 2364 declinata
611 2303 719 2380 nauita,
741 2307 771 2364 in
794 2318 852 2382 quo
875 2309 905 2365 et
927 2304 1062 2366 fatuus
1082 2311 1112 2367 et
1136 2299 1339 2381 Fatuaest).

397 2410 562 2473 diendo
589 2416 669 2473 reete
691 2413 798 2489 repetit
827 2411 919 2474 Varro
952 2412 1157 2486 infantes,
1186 2412 1410 2509 ineundus,
1439 2409 1625 2486 fabulae,
1647 2411 1772 2490 fama,
1804 2411 1884 2474 uude
1941 2468 1947 2479 .

296 2517 498 2595 famosus,
527 2517 853 2597 famigerabilis,
883 2520 951 2588 alia.
995 2519 1039 2583 nd
1059 2521 1135 2583 haue
1157 2519 1281 2583 eaodem
1303 2536 1404 2582 roeein
1426 2522 1489 2581 iure
1510 2517 1605 2581 refert
1626 2521 1716 2581 etiarn
1746 2517 1886 2592 ellari,
1956 2518 1962 2527 '

297 2628 365 2704 quia
398 2630 533 2702 apertum
568 2630 614 2687 est
648 2626 726 2687 lilius
758 2642 825 2689 esse
857 2630 1030 2706 composita.
1074 2628 1132 2691 Nec
1166 2627 1307 2705 dubium,
1341 2629 1411 2706 quin
1434 2627 1529 2689 iaturu
1551 2642 1668 2706 quinque
1690 2642 1707 2688 a
1729 2624 1819 2689 fando
1845 2630 1887 2689 sii

296 2732 489 2811 appellatum
510 2733 658 2809 impositio
678 2740 777 2796 autern
797 2735 929 2799 vocabuli
951 2753 1010 2800 uon
1033 2737 1071 2800 de
1092 2735 1230 2798 Varronis
1252 2737 1400 2797 sententia
1422 2733 1606 2813 explicanda.
1650 2733 1784 2795 Fatum
1806 2736 1887 2797 euim

297 2842 440 2919 principio
461 2839 540 2902 idem
562 2843 660 2919 potius
682 2841 761 2905 ualet
782 2848 873 2921 atque
895 2844 1123 2921 oraculum,
1145 2842 1182 2905 ol
1204 2843 1358 2906 orando
1381 2842 1575 2918 declinatum,
1598 2844 1681 2904 euius
1713 2844 1756 2903 vis
1783 2843 1884 2920 prinni-

295 2951 356 3011 tira
387 2946 491 3010 eadam
520 2955 587 3026 esi;
617 2949 685 3011 hino
713 2949 913 3014 fatidicus
935 2955 976 3030 is,
1000 2956 1049 3031 qui
1071 2952 1135 3015 ieta
1157 2950 1244 3028 dlelt,
1268 2966 1325 3012 non
1345 2957 1467 3029 propter
1490 2965 1575 3027 enm,
1598 2964 1675 3027 quae
1696 2946 1819 3011 Varroni
1841 2951 1885 3011 vt·

297 3055 399 3134 delur,
422 3071 552 3118 causam.
596 3055 664 3119 llies
686 3056 785 3121 insti
806 3066 835 3120 ei
856 3059 1005 3122 nefasti
1025 3063 1067 3121 ita
1088 3064 1159 3120 siout
1182 3061 1323 3121 nominati
1345 3073 1363 3120 a
1385 3056 1475 3119 uerbo
1496 3056 1574 3135 ins,
1597 3056 1675 3134 quod
1697 3055 1787 3118 aerbo
1810 3057 1879 3119 iau·

297 3164 325 3226 dl
354 3170 400 3225 est
429 3172 604 3240 cognatum,
633 3173 721 3245 atqire
752 3168 816 3229 dies
838 3169 934 3229 iustus
956 3174 1002 3229 est
1023 3171 1066 3241 is,
1088 3182 1146 3246 quo
1169 3166 1216 3228 ias
1238 3172 1285 3227 esi
1306 3166 1437 3244 praetori
1460 3167 1505 3225 ius
1527 3163 1635 3241 dicere,
1656 3162 1801 3237 nefastus,
1824 3180 1883 3241 quo

297 3276 325 3336 ei
346 3271 393 3336 ius
415 3288 473 3335 uon
496 3280 551 3335 est.
587 3274 681 3337 Fani
703 3278 850 3353 irupositio
872 3276 931 3352 ilia,
955 3292 1032 3356 quae
1054 3276 1141 3339 nimis
1163 3280 1243 3335 esset
1265 3272 1397 3348 fortuita,
1419 3286 1515 3350 paene
1536 3270 1657 3333 ridicula
1681 3275 1742 3331 esi.
1776 3269 1885 3342 Quodsi

296 3379 400 3442 iauunr
422 3396 439 3441 a
461 3380 551 3443 laudo
574 3381 805 3460 denominatum,
829 3398 895 3444 eurn
919 3385 1016 3461 notius
1038 3381 1186 3459 signifieat
1206 3379 1313 3453 locum,
1335 3378 1397 3441 ubi
1419 3379 1435 3441 i
1441 3373 1612 3455 autur²³)‚
1636 3381 1654 3440 i.
1677 3395 1702 3440 e.
1724 3377 1819 3439 iatum
1843 3381 1883 3439 si·

299 3502 335 3550 re
357 3489 511 3552 oraculum
534 3490 639 3552 editur.
683 3490 780 3552 Verba
801 3489 922 3553 lateri
945 3497 976 3552 et
996 3490 1147 3564 fatuus,
1170 3489 1305 3568 quamuis
1328 3489 1421 3566 priona
1446 3501 1547 3549 eorum
1569 3485 1684 3562 syllaba
1704 3488 1744 3547 sit
1772 3485 1883 3554 oreris.

296 3595 425 3659 indidem
447 3614 515 3660 esse
538 3597 685 3661 declinata
710 3597 825 3661 ridetur
846 3601 950 3675 negari
972 3614 1030 3661 nou
1052 3612 1150 3677 posse.
1194 3599 1232 3657 iit
1254 3598 1431 3673 permirum,
1455 3593 1617 3657 Varronem
1639 3590 1759 3656 aiaudo
1772 3593 1882 3656 ducere

316 3854 355 3935 l¹)
377 3856 466 3935 quod
485 3857 605 3935 (quiid)
627 3860 661 3919 in
682 3861 849 3937 sacrificio
871 3861 952 3920 codd.
974 3861 1048 3919 lllud
1065 3838 1159 3937 ’osted
1179 3860 1275 3918 omisit
1294 3858 1464 3930 Muellerus3
1487 3857 1566 3916 haud
1587 3857 1758 3916 necessario.

316 3954 356 4034 42)
378 3958 484 4020 cnud:
511 3960 621 4037 solite.
650 3961 723 4020 Illud
751 3963 913 4035 ponendum
935 3979 1013 4034 esse,
1037 3961 1108 4019 uidit
1129 3961 1191 4023 eod.
1214 3960 1245 4018 B.
1268 3963 1406 4032 scriptor,
1430 3963 1506 4016 toste
1528 3957 1691 4028 Muellero,
1715 3956 1795 4014 cuius
1816 3961 1881 4013 not.

382 4076 407 4119 o.
430 4059 460 4122 h.
483 4060 501 4117 i.
525 4060 580 4123 vid.

318 4155 356 4237 ⁴³)
379 4158 422 4224 Cf,-
450 4160 555 4222 Aaron.
584 4163 614 4220 iu
650 4162 729 4224 Verr.
763 4163 807 4236 Π,
843 4166 874 4236 1,
899 4165 967 4225 io:
990 4162 1119 4237 Fanum,
1154 4162 1399 4236 religiosissimum
1427 4157 1579 4232 templum,
1601 4157 1676 4217 unde
1697 4153 1758 4215 iata
1779 4160 1881 4228 petun-

377 4268 434 4321 tur.
459 4290 497 4304 -
520 4260 602 4322 iuri
627 4263 771 4322 interdurn
793 4263 849 4323 vim
877 4267 972 4337 graeei
992 4257 1213 4350 προφητεύειν
1235 4263 1358 4333 habore,
1381 4260 1467 4319 docet
1488 4257 1618 4331 Scaliger
1637 4258 1668 4317 in
1689 4256 1874 4317 annotatione

380 4378 406 4426 o.
428 4380 456 4429 v.
479 4362 658 4442 fatidicus.
