4358 5482
1072 427 1120 515 ii

439 628 483 691 li.
510 629 561 692 Ubi
585 624 756 710 qultloue³⁷)
783 632 931 709 constitit,
952 629 1053 706 locust
1074 632 1111 695 nb
1139 644 1174 692 eo
1202 647 1309 709 praeco
1331 631 1607 714 circumiacere,
1632 636 1710 716 ouotl
1732 653 1828 717 usque
1851 638 1880 700 itl

388 741 474 816 ertit,
496 739 593 818 quoad
614 741 643 801 in
665 738 761 818 allum
783 739 915 802 consistit
928 741 1073 819 pretiom3
1094 738 1162 802 lntle
1185 739 1387 821 locarium,
1417 742 1494 821 quon
1523 743 1627 822 tiator,
1657 747 1686 807 lo
1711 745 1828 809 stabulo
1851 754 1880 808 et

387 845 510 909 taberna
532 846 580 909 ubl
603 847 777 909 consistunt.
801 877 840 890 -

406 954 501 1017 Primo
525 954 560 1017 tle
583 954 696 1016 mendis
719 955 805 1016 buius
826 952 898 1034 locl,
921 958 1036 1033 quaein
1053 954 1239 1035 paragrapho
1261 958 1363 1034 quinta
1385 956 1498 1020 tleclrna
1520 965 1693 1038 versantur,
1717 959 1821 1021 rlelmle
1843 960 1880 1022 tle

304 1069 401 1136 etymo
424 1060 501 1140 qood
524 1061 615 1125 llarro
637 1063 790 1140 proposuit
811 1077 909 1138 agam.
951 1062 1088 1139 vulgaris
1109 1065 1138 1124 ln
1159 1063 1209 1124 illa
1230 1064 1416 1143 paragrapho
1444 1072 1491 1127 est
1512 1066 1615 1130 lectio:
1635 1065 1683 1129 At
1704 1082 1743 1128 eo
1754 1081 1880 1144 praeco

305 1170 432 1232 dicitur
453 1170 585 1245 locare,
608 1168 718 1247 pernati
737 1168 892 1246 coqueio
911 1170 1053 1237 emitur,
1075 1168 1185 1246 quoad
1204 1171 1238 1229 in
1259 1171 1370 1249 aliquo
1391 1175 1549 1234 coneieiii
1568 1174 1879 1251 pretium—Quam

303 1284 368 1342 lure
398 1282 531 1342 reiiciens
554 1280 685 1354 Scaliger
706 1278 781 1341 baec
802 1279 893 1342 elicit:
915 1262 1083 1356 legentium
1105 1279 1206 1357 procul
1229 1278 1334 1343 dublo:
1357 1280 1447 1357 quoti
1466 1296 1575 1359 oaoroe
1596 1281 1684 1342 idem
1706 1284 1751 1363 it,
1774 1281 1884 1360 priood

305 1390 339 1450 ite
367 1389 477 1466 alioue
506 1387 662 1449 consistit
685 1388 842 1464 pretium.
886 1388 939 1466 Et,
966 1390 1022 1450 nlsl
1050 1385 1135 1450 valde
1163 1386 1265 1465 fallor,
1295 1392 1413 1451 nremlnl
1443 1389 1511 1452 olirn
1539 1405 1656 1469 quoque
1687 1394 1728 1454 lta
1750 1393 1881 1454 sensisse

302 1499 421 1563 rloctiss.
445 1496 512 1559 ltlr.
535 1494 720 1572 Turnebum,
743 1511 809 1557 curn
830 1495 905 1557 baec
927 1510 993 1557 cunt
1015 1493 1064 1555 illo
1086 1498 1340 1558 communicarem.
1383 1494 1479 1556 idem
1501 1511 1608 1573 uouere
1630 1499 1657 1557 it
1678 1514 1748 1574 ergo
1771 1499 1878 1561 dicium

301 1606 348 1670 rel
370 1606 406 1669 oe
428 1621 591 1686 praecone,
619 1605 668 1681 qul
697 1618 815 1681 semper
843 1609 985 1681 vagatur,
1015 1601 1107 1665 tlorrcc
1129 1605 1283 1682 invenerit,
1304 1607 1334 1667 ln
1357 1620 1414 1684 quo
1435 1608 1587 1684 consistat,
1609 1609 1754 1685 pretium,
1776 1607 1821 1670 rel
1844 1607 1881 1667 tle

301 1730 417 1792 merce,
447 1728 523 1792 quae
550 1727 669 1789 semper
696 1705 899 1789 ἐπιπολάζει,
921 1716 952 1773 et
973 1712 1086 1773 incerta
1110 1717 1171 1788 est,
1194 1712 1286 1776 tlonec
1308 1716 1337 1775 ln
1361 1730 1396 1777 eo
1417 1728 1561 1793 mancupe
1583 1717 1732 1793 consistit,
1757 1717 1805 1794 pul
1828 1730 1879 1776 au·

302 1824 429 1887 ctionem
457 1824 588 1883 eriserit.
632 1818 691 1892 lluo
721 1822 751 1881 in
772 1818 938 1895 slgnllicatu
960 1817 1083 1881 Plautus
1104 1818 1189 1897 tllcit,
1211 1820 1248 1881 Ji
1267 1818 1314 1880 ad
1332 1835 1384 1881 me
1405 1820 1554 1881 lucrum:
1574 1824 1709 1885 olmlrum
1732 1828 1764 1884 ut
1788 1826 1816 1884 io
1841 1838 1879 1883 eo

301 1933 442 1994 consistat
474 1938 503 1991 et
525 1931 667 2006 quiescat.
690 1960 730 1970 —
753 1927 908 1989 Muellerus
929 1927 1102 2003 lectionem,
1124 1944 1211 2006 quarn
1233 1932 1358 2008 imprimi
1380 1931 1475 2008 lussit,
1495 1928 1575 2015 banc
1596 1932 1627 1993 in
1649 1929 1765 1993 mnium
1788 1932 1878 1993 inter·

301 2045 452 2120 pretatur:
477 2037 586 2100 l’raeco
607 2053 672 2098 cum
694 2051 767 2115 opus
789 2035 906 2114 abquotl
928 2037 1021 2111 locat,
1043 2035 1071 2096 itl
1093 2050 1110 2097 a
1133 2036 1358 2099 conlrrctnribus
1380 2054 1479 2100 emere
1501 2039 1557 2100 clici
1579 2044 1693 2116 potest,
1716 2038 1879 2117 quotlopus

302 2145 512 2228 praestandum
543 2151 623 2208 certa
651 2148 775 2224 pecunia
800 2145 898 2207 soluta
926 2144 1104 2223 reipublicae
1132 2148 1265 2223 acquirit.
1309 2146 1340 2207 ln
1370 2144 1424 2207 boc
1452 2146 1568 2207 emendi
1591 2148 1709 2221 negotio
1730 2162 1765 2208 eo
1788 2162 1882 2224 usque

301 2254 449 2334 procedit,
481 2253 548 2316 dum
571 2256 697 2331 pretium
728 2256 808 2315 certo
836 2252 900 2316 loco
927 2255 1071 2315 consistit.
1114 2252 1155 2313 lta
1177 2259 1211 2313 ut
1232 2254 1326 2316 locum
1349 2254 1542 2331 explicarem,
1566 2257 1661 2315 suasit
1691 2253 1880 2316 iloeeclre·

302 2365 399 2426 nius.
428 2394 467 2406 -
503 2363 664 2440 Utramque
692 2369 722 2423 et
751 2360 893 2435 scaligeri
913 2366 943 2422 ct
971 2358 1101 2422 bluellerl
1123 2360 1278 2422 lectionem
1306 2365 1439 2440 quanrrls
1461 2361 1610 2424 subtiliter
1631 2365 1796 2439 expositam
1820 2377 1880 2424 non

301 2471 401 2552 probo.
445 2469 509 2532 Vim
531 2485 614 2547 canu,
636 2484 722 2548 quam
746 2467 943 2531 Goescbenlos
966 2467 1056 2531 verbo
1095 2482 1209 2528 emere
1241 2469 1269 2531 b.
1303 2469 1321 2531 l.
1355 2471 1493 2548 imposuit
1522 2469 1567 2530 rel
1607 2466 1704 2548 potios
1738 2470 1876 2543 obtrusit,

301 2583 391 2644 nimis
422 2595 488 2641 esse
517 2582 681 2641 contortam
710 2582 740 2639 ct
768 2577 857 2638 latino
885 2575 1010 2639 alienant
1043 2580 1170 2641 sermoni
1200 2577 1289 2639 facile
1317 2579 1502 2652 intelligitur.
1548 2576 1698 2637 Pretium
1721 2576 1883 2637 consistit

300 2688 334 2747 iri
361 2684 472 2763 clipeo
501 2688 518 2747 l.
541 2702 566 2746 e.
595 2700 652 2747 non
681 2684 807 2762 amplius
835 2690 970 2746 moretur
995 2683 1040 2745 vel
1061 2690 1187 2760 augetur
1208 2684 1245 2746 ab
1268 2683 1377 2764 altero,
1399 2701 1485 2748 nemo
1510 2691 1556 2747 est
1580 2689 1630 2763 oui
1652 2684 1719 2762 plus
1742 2683 1877 2747 llceatur:

302 2797 376 2859 baec
405 2795 512 2856 locutio
541 2808 621 2855 merc
649 2791 740 2855 latina
768 2798 824 2854 est
867 2791 911 2855 ci.
941 2791 1000 2855 Cic.
1027 2809 1081 2872 pro
1103 2792 1187 2857 Rosc.
1217 2794 1312 2856 Amen.
1335 2792 1389 2855 te:
1413 2793 1443 2855 ln
1465 2809 1522 2872 quo
1546 2793 1683 2868 (llasclo)
1709 2808 1766 2855 non
1791 2792 1878 2854 ruodo

297 2904 383 2982 culpa
411 2901 508 2979 nulla,
539 2900 590 2962 sed
620 2917 657 2963 ne
690 2902 818 2977 suspicio
847 2898 964 2978 quidem
993 2903 1089 2979 potuit
1117 2904 1287 2964 consistere.
1331 2901 1400 2980 Setl,
1422 2901 1499 2980 quoti
1520 2902 1565 2963 rel
1592 2917 1700 2980 praeco
1724 2901 1770 2962 rel
1794 2916 1879 2962 merx

298 3026 393 3090 usque
416 3016 482 3087 eat,
505 3008 599 3087 ouoatl
622 3010 786 3087 pretium
808 3011 838 3069 in
861 3007 958 3087 aliquo
980 3011 1191 3085 consistat,
1213 3009 1524 3088 ideopraeconem
1546 3009 1602 3071 dici
1626 3010 1723 3071 locare
1736 3012 1869 3086 ineptum

297 3120 368 3181 rnibi
390 3117 514 3180 videtur.
558 3116 651 3189 Quare
675 3117 834 3179 l'arronem
856 3132 963 3179 censeo
985 3118 1141 3194 scripsisse
1153 3123 1218 3180 aut:
1240 3115 1288 3179 Ao
1310 3131 1348 3176 eo
1365 3111 1592 3194 pretiomit)
1612 3114 1738 3177 dicitur
1761 3115 1874 3174 ioco·

298 3227 353 3305 ri,
374 3222 463 3303 pund
483 3239 589 3302 oeque
611 3223 698 3284 idem
720 3225 764 3298 tt,
787 3221 897 3300 pocati
917 3225 951 3282 in
970 3223 1264 3302 atiquocooeieim
1280 3225 1432 3302 pretium
1444 3221 1522 3283 inde
1544 3223 1706 3283 locarium
1723 3227 1799 3295 cet,
1816 3230 1880 3297 aut,

296 3338 323 3396 sl
344 3333 459 3397 locandi
489 3333 611 3396 verbum
641 3333 676 3395 tle
706 3348 850 3411 praecone
879 3333 988 3395 tllctum
1024 3333 1131 3397 aloco
1159 3334 1249 3398 voluit
1279 3332 1435 3396 declinari:
1470 3328 1516 3392 Ab
1545 3345 1583 3390 eo
1600 3345 1729 3408 praeco
1750 3328 1880 3390 dieitur

296 3442 429 3516 locare,
445 3440 534 3518 quod
552 3442 599 3516 is,
621 3438 732 3518 quoad
752 3445 872 3501 emtum
894 3446 1010 3515 cocat,
1032 3441 1066 3500 in
1089 3440 1175 3502 olto
1202 3439 1291 3500 loco
1313 3437 1488 3511 certamin
1504 3437 1656 3517 pretium
1678 3435 1756 3498 inde
1788 3437 1876 3496 loco·

296 3551 385 3611 riom
406 3558 464 3613 cet.
507 3549 574 3613 Scio
596 3534 712 3628 quibem
734 3546 849 3612 locandi
871 3547 992 3610 verbum
1013 3551 1041 3610 ri
1064 3549 1237 3627 transltlra,
1259 3563 1348 3626 quam
1370 3547 1510 3624 tllclnrus,
1532 3563 1651 3626 semper
1671 3549 1749 3625 poni.
1785 3544 1878 3617 Quum

295 3675 367 3722 aero
395 3659 493 3722 locare
522 3673 540 3721 a
571 3658 651 3736 loco,
679 3656 728 3718 ubl
754 3659 821 3735 quis
849 3657 895 3719 rel
922 3656 991 3735 quid
1021 3659 1208 3731 constiterit,
1236 3656 1375 3719 declinari
1400 3655 1538 3719 Varronis
1561 3658 1688 3719 mammo
1710 3657 1879 3732 interesset,

296 3766 403 3844 facile,
428 3770 478 3845 qut
501 3768 542 3828 lta
562 3771 726 3843 statueret,
750 3764 856 3827 aidum
878 3769 1004 3843 poterat.

316 4016 355 4096 37)
378 3996 536 4097 quilque,
557 4020 750 4097 quicquam,
773 4019 946 4098 quiquam,
968 4019 1148 4098 quidquam
1161 4027 1196 4081 gt,

318 4116 357 4197 38)
376 4136 503 4199 praeco
537 4127 566 4180 et
590 4121 742 4201 preciom
770 4120 905 4180 facillime
930 4128 1067 4196 poterant
1094 4119 1237 4182 confundi
1269 4116 1422 4180 Pretium
1443 4116 1575 4179 locatur
1595 4116 1666 4174 alias
1687 4114 1800 4189 quidem
1820 4127 1878 4170 non

377 4223 497 4297 legitur,
530 4227 626 4281 tamen
654 4239 672 4280 a
700 4221 904 4281 consuetudine
934 4223 1073 4281 sermonis
1093 4223 1175 4281 latini
1196 4238 1253 4280 non
1275 4221 1423 4281 abhorret.
1446 4217 1489 4278 ci.
1512 4218 1607 4291 Quint.
1633 4219 1680 4291 12,
1703 4218 1720 4274 i
1742 4213 1761 4273 f.
1784 4212 1877 4272 Alioru

376 4324 501 4397 pretinm
520 4323 677 4398 imponere.
698 4355 740 4366 —
761 4322 854 4382 Plani.
876 4322 936 4382 Mil.
961 4325 988 4387 3.
1015 4327 1040 4395 1,
1067 4324 1135 4385 133.
1156 4322 1280 4395 pretium
1308 4326 1437 4380 statuere
1465 4318 1561 4378 rnerei.
1585 4350 1622 4361 -
1646 4316 1704 4377 cie
1734 4316 1796 4376 aot.
1829 4314 1876 4383 12,

376 4425 424 4482 33.
446 4425 571 4499 pretinm
593 4431 703 4483 certum
726 4423 912 4485 constituere.
1955 4420 1960 4429 '
