4358 5482
1062 419 1114 508 24

297 633 434 692 universe
461 628 497 690 ad
529 645 628 692 reram
658 627 864 692 vocabulorum
898 629 1042 703 originem
1065 626 1298 703 investigandam
1320 633 1411 707 atone
1432 628 1638 692 inveniendam
1659 627 1816 693 admodum
1838 632 1880 694 sit

297 747 384 815 apta,
412 738 466 799 boc
494 741 522 799 ln
551 739 669 798 rromiue
699 736 838 798 Varronis
868 739 1049 799 sententiam
1081 750 1138 799 nun
1160 733 1275 814 probat.
1319 736 1437 799 Etenim
1466 735 1561 799 Latini
1581 740 1692 817 antiqui
1714 739 1829 802 litteras
1848 741 1880 803 ln

298 844 451 907 scribendo
481 848 599 907 connino
629 860 685 906 non
714 842 922 920 geminabant3
952 824 1304 922 ouam'consuetudinem
1324 843 1436 906 Ennius
1457 843 1555 906 iertur
1574 847 1753 923 mutavisse,
1774 853 1879 925 utpote

298 953 425 1015 Graccus
455 968 561 1028 graeco
590 967 671 1014 ruore
699 964 779 1014 usus.
823 949 943 1012 Accedit
973 949 1050 1029 quud
1079 958 1158 1013 terra
1187 964 1204 1013 a
1233 951 1356 1014 terendo
1386 951 1534 1014 declinata
1556 951 1586 1013 id
1607 956 1707 1031 potius
1728 955 1876 1032 estquod

298 1064 384 1136 terit,
415 1076 502 1139 quant
530 1062 559 1122 ld
587 1060 664 1139 qnod
693 1062 814 1138 teritur,
843 1073 933 1138 quum
961 1060 1078 1122 nomina
1108 1059 1198 1122 latina
1219 1061 1249 1122 in
1270 1060 1293 1118 d
1314 1061 1472 1122 terminata
1494 1065 1525 1122 et
1545 1058 1584 1122 ab
1605 1072 1657 1139 et,
1679 1049 1757 1140 qna‘e
1777 1061 1878 1125 verbis

297 1171 452 1248 primitivis
478 1170 507 1230 in
536 1169 685 1246 praesenti
717 1173 850 1247 tempore
879 1173 927 1229 est
955 1166 1066 1245 dorma,
1096 1167 1244 1230 declinata
1273 1169 1399 1230 actionis
1428 1167 1614 1244 subiectum,
1637 1168 1716 1247 quod
1738 1168 1874 1249 dicimus,

297 1262 465 1351 significare
492 1276 621 1349 soleant,
649 1279 682 1336 ut
709 1275 823 1337 advena
851 1282 898 1338 est
923 1277 949 1338 ls
978 1277 1027 1354 qui
1057 1273 1191 1351 aduenit,
1219 1279 1343 1338 condia
1375 1281 1401 1337 is
1432 1278 1482 1353 oui
1503 1278 1628 1338 condril
1647 1278 1796 1355 particeps
1817 1282 1876 1356 est,

299 1383 396 1445 scriba
419 1386 514 1462 isqui
542 1381 688 1445 scribendi
720 1383 854 1459 iungitur
877 1398 1017 1461 munere,
1038 1381 1138 1457 lingua
1160 1382 1188 1443 ld
1210 1382 1289 1462 qnod
1311 1383 1415 1460 lingit,
1436 1397 1506 1445 arca
1527 1396 1605 1461 qnae
1627 1394 1726 1461 amet,
1748 1385 1814 1448 aila.
1836 1416 1876 1429 -

298 1490 437 1555 Varronis
459 1501 576 1566 etymon
599 1490 739 1568 probatur
762 1491 798 1552 ab
821 1489 931 1553 isidore
954 1491 1054 1566 Origg.
1078 1490 1150 1567 xiii,
1178 1494 1203 1567 i,
1226 1489 1262 1553 l:
1284 1491 1374 1554 Terra
1399 1490 1477 1554 dicta
1502 1507 1519 1553 a
1539 1494 1682 1570 superiori
1706 1500 1802 1571 parte,
1819 1508 1879 1572 pna

298 1601 410 1660 teritur.
433 1631 473 1642 -
499 1598 539 1660 lle
568 1613 632 1659 rnea
666 1600 814 1659 sentcntia
843 1597 958 1672 syllaba
979 1598 1055 1657 terr
1076 1600 1222 1676 primitiva
1246 1599 1359 1662 aridum
1383 1606 1414 1661 et
1434 1601 1546 1661 siccum
1567 1599 1684 1661 ridetur
1706 1599 1877 1676 significare

297 1715 386 1785 atque
409 1706 512 1768 eadent
535 1721 620 1782 esse,
643 1720 719 1783 quae
741 1708 770 1766 iu
792 1706 883 1768 serbo
904 1705 996 1767 latino
1018 1708 1139 1784 antiqno
1161 1710 1298 1783 torrae,
1319 1706 1397 1769 unde
1420 1711 1576 1782 torrere,
1599 1708 1724 1781 torris,
1746 1709 1875 1783 inprae-

296 1829 332 1876 ιιι
363 1813 468 1896 repom
499 1823 529 1873 et
555 1815 586 1874 in
616 1815 794 1888 gerrrranicis
825 1810 956 1886 doerr,
980 1809 1128 1873 doerren
1155 1820 1219 1892 est,
1248 1818 1291 1877 ita
1319 1820 1352 1878 nt
1374 1822 1455 1878 terra
1477 1814 1592 1877 addunt
1614 1817 1687 1877 rnarl
1709 1820 1879 1894 oppositum

295 1921 414 1984 indicet.
438 1952 476 1963 -
500 1921 543 1981 Cf.
566 1920 780 1983 Scbmlttbenn.
804 1930 834 1982 et
856 1920 1013 1983 Schwenk.
1036 1921 1065 1984 ii.
1087 1922 1117 1983 li.
1137 1938 1162 1984 s.
1185 1939 1214 1985 v.
1240 1920 1341 1984 aruc.
1361 1953 1403 1967 -
1423 1922 1468 1984 ei.
1487 1923 1565 1984 Fest.
1587 1922 1637 1997 (Ρ.
1661 1921 1709 1993 b.)
1740 1939 1769 2001 p.
1802 1922 1876 1988 ¹53:

302 2027 463 2103 Terram,
485 2028 645 2107 torridum,
667 2029 799 2107 aridum3
822 2029 991 2090 torrerta
1013 2034 1095 2091 torro
1127 2028 1285 2093 deductum
1326 2032 1445 2109 proprie
1474 2030 1622 2106 significat
1650 2032 1765 2093 siccare
1786 2041 1878 2111 atque

299 2139 469 2214 arefacere,
490 2136 544 2198 sed
567 2146 738 2214 usurpatum
762 2141 809 2198 est
828 2140 887 2199 lant
910 2152 965 2216 pro
995 2154 1046 2213 eo,
1076 2134 1154 2217 quod
1183 2138 1223 2199 sit
1252 2138 1320 2212 igne
1348 2153 1444 2200 urere.
1487 2136 1526 2199 id.
1555 2153 1583 2217 p.
1616 2135 1693 2200 270:
1730 2136 1880 2201 Turrem

299 2245 512 2324 participaliter
539 2260 592 2323 pro
621 2260 749 2307 exurens
770 2247 908 2322 ponitur,
936 2251 969 2306 ut
998 2251 1045 2307 est
1066 2240 1143 2323 apud
1163 2240 1324 2307 Pacuuium
1347 2248 1376 2306 ln
1404 2246 1546 2324 Antiopa:
1569 2243 1733 2306 Flammea
1755 2260 1880 2324 copore

298 2354 436 2415 torrens
456 2357 572 2413 terroe
590 2353 700 2430 fetum
722 2352 907 2413 exusserit.
950 2351 1105 2428 Signldcat
1127 2353 1376 2429 etiamnullum,
1398 2353 1504 2416 subitis
1526 2353 1668 2417 imbribus
1689 2358 1880 2433 concitatum,

298 2464 348 2539 qni
377 2462 482 2540 alloqui
511 2459 692 2523 siccitatibus
727 2463 874 2523 exarescit
877 2504 966 2522 .....
992 2458 1130 2533 rorum,
1153 2465 1184 2522 ut
1205 2461 1353 2535 sipnliicet
1376 2460 1535 2538 torridum,
1558 2462 1689 2540 aridum,
1711 2479 1766 2542 per
1786 2479 1878 2526 unum

297 2569 413 2649 quidem
439 2570 459 2630 ll
482 2572 604 2648 antiqua
626 2568 837 2631 consuetudine
860 2567 1016 2648 scribitur,
1038 2566 1091 2631 sed
1103 2570 1189 2645 quast
1211 2584 1264 2646 per
1285 2569 1342 2632 duo
1363 2568 1388 2630 ll
1410 2568 1566 2646 scribatur,
1587 2573 1771 2648 pronuntiari
1791 2586 1878 2651 opor·

297 2684 357 2752 tet3
389 2692 456 2739 nam
485 2678 598 2755 antiqui
628 2691 683 2738 nec
710 2682 808 2739 mutas
837 2691 893 2738 nec
923 2675 1117 2739 semivocales
1138 2675 1255 2738 litteras
1276 2675 1469 2753 geminabant
1490 2683 1522 2739 ut
1544 2675 1577 2739 nt
1597 2679 1627 2740 ln
1649 2678 1759 2757 Ennio,
1784 2682 1879 2760 Arrio,

296 2786 400 2848 tinnio.
422 2814 462 2826 -
484 2783 528 2845 cf.
550 2784 726 2847 Commentt.
749 2799 778 2862 p.
802 2783 864 2846 725
885 2800 910 2845 s.
931 2789 1126 2862 retenens,
1156 2791 1262 2862 torum,
1283 2789 1407 2848 torrere.
1429 2816 1468 2828 —
1489 2784 1532 2847 Gi.
1556 2784 1657 2849 isidor.
1686 2787 1784 2864 0rtgg.
1806 2789 1879 2867 xlv,

300 2894 326 2970 i,
348 2890 385 2955 2:
406 2892 527 2971 Proprie
550 2900 647 2953 autern
670 2899 748 2953 terra
771 2890 808 2952 ad
831 2892 1047 2954 distinctionem
1070 2906 1165 2971 aquae
1182 2889 1265 2954 arida
1285 2899 1488 2972 nuncupatur,
1517 2895 1595 2955 sicut
1623 2893 1776 2974 Scriptura
1804 2896 1878 2969 (tie-

298 3016 360 3065 nes.
387 3000 414 3079 l,
437 2998 490 3075 10)
513 3002 568 3062 ait:
594 2996 689 3074 Quod
707 3000 874 3060 vocaverit
895 2996 981 3062 dece
1001 2998 1133 3060 orldmn
1160 3003 1298 3060 terram.
1341 2998 1490 3063 Naturalis
1520 3001 1598 3063 enlm
1627 3003 1792 3080 proprietas
1822 3005 1879 3066 sic·

297 3112 370 3172 citas
392 3115 437 3170 est
459 3111 556 3170 terris.
599 3106 639 3169 ld.
663 3105 762 3183 origg.
784 3105 857 3183 iiiii,
880 3106 938 3182 tt,
961 3104 995 3169 2:
1018 3106 1187 3171 torrens
1215 3112 1262 3169 est
1283 3121 1359 3194 aqua
1381 3109 1504 3170 veniens
1524 3120 1592 3171 enm
1613 3109 1734 3189 impetn
1776 3108 1879 3173 [lictus

379 3467 492 3525 qnoque
520 3451 668 3524 leguntur:
690 3449 756 3522 tili,
785 3447 876 3522 Fugio
904 3445 1081 3521 perhibente
1102 3444 1210 3506 ducunt
1236 3464 1254 3506 a
1282 3462 1346 3508 rus
1366 3460 1531 3524 currere,
1552 3454 1674 3523 propter
1694 3449 1876 3523 sphaericum

379 3552 449 3610 illud
471 3567 575 3625 corpus
597 3565 765 3623 supernam,
787 3547 864 3622 qnod
884 3553 1025 3621 perpetuo
1047 3562 1132 3606 cursa
1151 3553 1258 3607 terram
1280 3548 1386 3623 ingiter
1406 3548 1507 3613 ambit.
1548 3548 1622 3623 aiii,
1643 3554 1676 3610 nt
1695 3548 1878 3621 idemdocet,

379 3650 554 3711 descendere
574 3655 677 3724 putant
699 3666 717 3708 a
737 3645 842 3709 roaolt
862 3647 983 3721 coion,
1004 3648 1183 3722 concupivit,
1205 3647 1282 3721 quod
1302 3653 1383 3708 terro
1402 3649 1507 3725 iugiter
1527 3656 1647 3724 appetat
1667 3647 1799 3709 nactum
1820 3649 1879 3708 Ast

378 3750 487 3811 frustra
507 3752 537 3811 in
557 3750 728 3810 Hebraismo
750 3748 849 3824 quaeri
871 3747 984 3806 ridetur
1005 3746 1089 3807 radix
1108 3747 1248 3823 verbalis,
1282 3748 1415 3825 ratioque
1437 3748 1652 3826 significationis
1681 3749 1767 3824 plane
1783 3749 1877 3810 latero

379 3862 434 3916 cet.
458 3885 494 3898 -
518 3852 656 3912 Gesenim
684 3853 721 3911 in.
752 3850 879 3911 tbesanr.
913 3847 1013 3924 philol.
1046 3849 1110 3909 cn't
1141 3848 1209 3922 liup.
1242 3848 1322 3909 hebr.
1345 3856 1376 3910 et
1410 3849 1772 3923 subcoelestium.
1795 3851 1875 3909 1829

378 3974 401 4017 s.
422 3975 449 4019 n.
474 3969 555 4015 creo
575 3953 611 4014 de
632 3961 728 4027 etymo
740 3957 874 4014 tacet—
887 3946 930 4010 ct.
954 3948 1042 4025 Sopb.
1064 3949 1162 4025 Antip.
1185 3965 1212 4009 r.
1235 3949 1295 4007 338
1318 3966 1381 4025 sqq.

743 4100 838 4165 θεῶν
858 4121 895 4164 τε
914 4091 979 4161 ταν
997 4089 1205 4182 ὑπερτάταν,
1228 4097 1299 4162 Γαῖα

743 4198 910 4290 ἄφθιτον,
931 4192 1114 4268 α’καααὶταα
1140 4191 1345 4281 ἀποτρύεται

739 4303 915 4383 ἰλλομένων
937 4295 1091 4385 α’ρότρατ
1112 4301 1186 4375 ἔτος
1207 4302 1254 4372 eds
1274 4300 1366 4378 douc,

790 4401 901 4484 ιἰιιιτίῳ
920 4405 1006 4485 γάιαι
1024 4400 1182 4472 πολεύων.
