<?xml version="1.0" encoding="UTF-8"?>
<!DOCTYPE html PUBLIC "-//W3C//DTD XHTML 1.0 Transitional//EN"
    "http://www.w3.org/TR/xhtml1/DTD/xhtml1-transitional.dtd">
<html xmlns="http://www.w3.org/1999/xhtml" xml:lang="en" lang="en">
 <head>
  <title>
</title>
<meta http-equiv="Content-Type" content="text/html;charset=utf-8" />
  <meta name='ocr-system' content='tesseract 3.04.00' />
  <meta name='ocr-capabilities' content='ocr_page ocr_carea ocr_par ocr_line ocrx_word'/>
</head>
<body>
  <div class='ocr_page' id='page_1' title='image "./demtervarronise00oxgoog_0016.png"; bbox 0 0 4358 5482; ppageno 0'>
   <div class='ocr_carea' id='block_1_1' title="bbox 236 608 1885 3716">
    <p class='ocr_par' dir='ltr' id='par_1_1' title="bbox 296 608 1872 800">
     <span class='ocr_line' id='line_1_1' title="bbox 296 608 1872 695; baseline 0.003 -22"><span class='ocrx_word' id='word_1_1' title='bbox 296 617 397 675; x_wconf 88' lang='lat' dir='ltr'><strong>esseut</strong></span> <span class='ocrx_word' id='word_1_2' title='bbox 430 613 460 674; x_wconf 90' lang='lat' dir='ltr'><strong>ln</strong></span> <span class='ocrx_word' id='word_1_3' title='bbox 489 617 584 687; x_wconf 86' lang='lat' dir='ltr'><strong>terra,</strong></span> <span class='ocrx_word' id='word_1_4' title='bbox 613 610 746 673; x_wconf 89' lang='lat' dir='ltr'><strong>sublimis</strong></span> <span class='ocrx_word' id='word_1_5' title='bbox 782 612 812 674; x_wconf 93' lang='lat' dir='ltr'><strong>in</strong></span> <span class='ocrx_word' id='word_1_6' title='bbox 840 608 971 689; x_wconf 76' lang='lat' dir='ltr'><strong>llgnls20)</strong></span> <span class='ocrx_word' id='word_1_7' title='bbox 1000 612 1164 694; x_wconf 82' lang='lat' dir='ltr'><strong>ponebam,</strong></span> <span class='ocrx_word' id='word_1_8' title='bbox 1193 618 1249 679; x_wconf 89' lang='lat' dir='ltr'><strong>uisi</strong></span> <span class='ocrx_word' id='word_1_9' title='bbox 1278 614 1314 679; x_wconf 91' lang='lat' dir='ltr'><strong>ab</strong></span> <span class='ocrx_word' id='word_1_10' title='bbox 1337 631 1389 695; x_wconf 86' lang='lat' dir='ltr'><strong>oo,</strong></span> <span class='ocrx_word' id='word_1_11' title='bbox 1419 614 1496 695; x_wconf 79' lang='lat' dir='ltr'><strong>quod</strong></span> <span class='ocrx_word' id='word_1_12' title='bbox 1525 614 1627 678; x_wconf 78' lang='lat' dir='ltr'><strong>Graeci</strong></span> <span class='ocrx_word' id='word_1_13' title='bbox 1653 616 1765 694; x_wconf 81' lang='lat' dir='ltr'><strong>audoni</strong></span> <span class='ocrx_word' id='word_1_14' title='bbox 1793 614 1872 679; x_wconf 84' lang='lat' dir='ltr'><strong>dice·</strong></span> 
     </span>
     <span class='ocr_line' id='line_1_2' title="bbox 297 718 811 800; baseline 0.002 -19"><span class='ocrx_word' id='word_1_15' title='bbox 297 719 368 781; x_wconf 92' lang='lat' dir='ltr'><strong>baut</strong></span> <span class='ocrx_word' id='word_1_16' title='bbox 389 718 544 800; x_wconf 71' lang='grc' dir='ltr'><strong><em>λέκτρον,</em></strong></span> <span class='ocrx_word' id='word_1_17' title='bbox 568 718 679 781; x_wconf 86' lang='lat' dir='ltr'><strong>lectum</strong></span> <span class='ocrx_word' id='word_1_18' title='bbox 705 721 811 798; x_wconf 86' lang='lat' dir='ltr'><strong>polius.</strong></span> 
     </span>
    </p>

    <p class='ocr_par' dir='ltr' id='par_1_2' title="bbox 236 825 1885 3068">
     <span class='ocr_line' id='line_1_3' title="bbox 395 825 1873 911; baseline 0.003 -22"><span class='ocrx_word' id='word_1_19' title='bbox 395 829 419 889; x_wconf 78' lang='lat' dir='ltr'>A</span> <span class='ocrx_word' id='word_1_20' title='bbox 442 825 608 903; x_wconf 88' lang='lat' dir='ltr'><strong>legendo</strong></span> <span class='ocrx_word' id='word_1_21' title='bbox 635 831 716 888; x_wconf 86' lang='lat' dir='ltr'><strong>recte</strong></span> <span class='ocrx_word' id='word_1_22' title='bbox 745 825 875 889; x_wconf 86' lang='lat' dir='ltr'><strong>declinat</strong></span> <span class='ocrx_word' id='word_1_23' title='bbox 897 826 989 892; x_wconf 83' lang='lat' dir='ltr'><strong>lauro</strong></span> <span class='ocrx_word' id='word_1_24' title='bbox 1011 832 1169 895; x_wconf 83' lang='lat' dir='ltr'><strong>maximam</strong></span> <span class='ocrx_word' id='word_1_25' title='bbox 1190 830 1398 895; x_wconf 85' lang='lat' dir='ltr'><strong>uocabulorum</strong></span> <span class='ocrx_word' id='word_1_26' title='bbox 1418 835 1551 911; x_wconf 88' lang='lat' dir='ltr'><strong>partem,</strong></span> <span class='ocrx_word' id='word_1_27' title='bbox 1572 843 1696 909; x_wconf 76' lang='lat' dir='ltr'><strong>quorum</strong></span> <span class='ocrx_word' id='word_1_28' title='bbox 1717 827 1873 893; x_wconf 72' lang='lat' dir='ltr'><strong>declinatio</strong></span> 
     </span>
     <span class='ocr_line' id='line_1_4' title="bbox 236 932 1874 1019; baseline 0.002 -24"><span class='ocrx_word' id='word_1_29' title='bbox 236 1004 241 1012; x_wconf 30' lang='lat'>¹</span> <span class='ocrx_word' id='word_1_30' title='bbox 299 942 329 996; x_wconf 92' lang='lat' dir='ltr'><strong>et</strong></span> <span class='ocrx_word' id='word_1_31' title='bbox 350 937 394 996; x_wconf 85' lang='lat' dir='ltr'><strong>nis</strong></span> <span class='ocrx_word' id='word_1_32' title='bbox 415 932 527 997; x_wconf 88' lang='lat' dir='ltr'><strong>indicat</strong></span> <span class='ocrx_word' id='word_1_33' title='bbox 548 935 702 1012; x_wconf 82' lang='lat' dir='ltr'><strong>originem,</strong></span> <span class='ocrx_word' id='word_1_34' title='bbox 725 939 757 997; x_wconf 92' lang='lat' dir='ltr'><strong>ul</strong></span> <span class='ocrx_word' id='word_1_35' title='bbox 780 933 954 1013; x_wconf 88' lang='lat' dir='ltr'><strong>legulos,</strong></span> <span class='ocrx_word' id='word_1_36' title='bbox 976 935 1190 1015; x_wconf 88' lang='lat' dir='ltr'><strong>legumina,</strong></span> <span class='ocrx_word' id='word_1_37' title='bbox 1212 940 1326 1018; x_wconf 86' lang='lat' dir='ltr'><strong>legio,</strong></span> <span class='ocrx_word' id='word_1_38' title='bbox 1346 938 1454 1019; x_wconf 82' lang='lat' dir='ltr'>qulbus</span> <span class='ocrx_word' id='word_1_39' title='bbox 1469 940 1564 1016; x_wconf 90' lang='lat' dir='ltr'><strong>prima</strong></span> <span class='ocrx_word' id='word_1_40' title='bbox 1584 935 1700 1014; x_wconf 75' lang='lat' dir='ltr'><strong>syllaba</strong></span> <span class='ocrx_word' id='word_1_41' title='bbox 1719 941 1874 1015; x_wconf 86' lang='lat' dir='ltr'><strong>praeterea</strong></span> 
     </span>
     <span class='ocr_line' id='line_1_5' title="bbox 298 1040 1877 1124; baseline 0.003 -21"><span class='ocrx_word' id='word_1_42' title='bbox 298 1041 397 1105; x_wconf 78' lang='lat' dir='ltr'><strong>brevis</strong></span> <span class='ocrx_word' id='word_1_43' title='bbox 419 1048 482 1105; x_wconf 88' lang='lat' dir='ltr'><strong>est:</strong></span> <span class='ocrx_word' id='word_1_44' title='bbox 503 1041 532 1104; x_wconf 92' lang='lat' dir='ltr'><strong>ld</strong></span> <span class='ocrx_word' id='word_1_45' title='bbox 553 1040 631 1122; x_wconf 81' lang='lat' dir='ltr'><strong>quod</strong></span> <span class='ocrx_word' id='word_1_46' title='bbox 652 1056 743 1122; x_wconf 87' lang='lat' dir='ltr'><strong>saepe</strong></span> <span class='ocrx_word' id='word_1_47' title='bbox 757 1043 875 1122; x_wconf 84' lang='lat' dir='ltr'><strong>quidem</strong></span> <span class='ocrx_word' id='word_1_48' title='bbox 892 1058 1031 1120; x_wconf 86' lang='lat' dir='ltr'><strong>magnum</strong></span> <span class='ocrx_word' id='word_1_49' title='bbox 1045 1053 1091 1108; x_wconf 87' lang='lat' dir='ltr'><strong>cst</strong></span> <span class='ocrx_word' id='word_1_50' title='bbox 1107 1046 1238 1111; x_wconf 88' lang='lat' dir='ltr'><strong>eiusdem</strong></span> <span class='ocrx_word' id='word_1_51' title='bbox 1254 1049 1376 1124; x_wconf 89' lang='lat' dir='ltr'><strong>orlgluls</strong></span> <span class='ocrx_word' id='word_1_52' title='bbox 1390 1049 1606 1122; x_wconf 75' lang='lat' dir='ltr'><strong>argumentum,</strong></span> <span class='ocrx_word' id='word_1_53' title='bbox 1627 1045 1712 1108; x_wconf 91' lang='lat' dir='ltr'><strong>culus</strong></span> <span class='ocrx_word' id='word_1_54' title='bbox 1731 1040 1877 1109; x_wconf 85' lang='lat' dir='ltr'><strong>rationem</strong></span> 
     </span>
     <span class='ocr_line' id='line_1_6' title="bbox 300 1147 1876 1234; baseline 0.006 -24"><span class='ocrx_word' id='word_1_55' title='bbox 300 1150 391 1213; x_wconf 87' lang='lat' dir='ltr'><strong>Varro</strong></span> <span class='ocrx_word' id='word_1_56' title='bbox 420 1164 566 1228; x_wconf 81' lang='lat' dir='ltr'><strong>nusquam</strong></span> <span class='ocrx_word' id='word_1_57' title='bbox 595 1147 705 1212; x_wconf 80' lang='lat' dir='ltr'><strong>babuit</strong></span> <span class='ocrx_word' id='word_1_58' title='bbox 749 1149 845 1214; x_wconf 82' lang='lat' dir='ltr'><strong>Verba</strong></span> <span class='ocrx_word' id='word_1_59' title='bbox 864 1150 1055 1231; x_wconf 87' lang='lat' dir='ltr'><strong>subiecti,</strong></span> <span class='ocrx_word' id='word_1_60' title='bbox 1077 1154 1230 1234; x_wconf 83' lang='lat' dir='ltr'><strong>allecti,</strong></span> <span class='ocrx_word' id='word_1_61' title='bbox 1258 1152 1447 1229; x_wconf 83' lang='lat' dir='ltr'><strong>collecta,</strong></span> <span class='ocrx_word' id='word_1_62' title='bbox 1470 1152 1664 1229; x_wconf 87' lang='lat' dir='ltr'><strong>diligens,</strong></span> <span class='ocrx_word' id='word_1_63' title='bbox 1692 1150 1876 1221; x_wconf 84' lang='lat' dir='ltr'><strong>dilectus</strong></span> 
     </span>
     <span class='ocr_line' id='line_1_7' title="bbox 300 1257 1876 1350; baseline -0.001 -29"><span class='ocrx_word' id='word_1_64' title='bbox 300 1261 364 1321; x_wconf 89' lang='lat' dir='ltr'><strong>lure</strong></span> <span class='ocrx_word' id='word_1_65' title='bbox 397 1257 488 1321; x_wconf 89' lang='lat' dir='ltr'><strong>allata</strong></span> <span class='ocrx_word' id='word_1_66' title='bbox 515 1262 615 1350; x_wconf 67' lang='lat' dir='ltr'><strong>sunt,</strong></span> <span class='ocrx_word' id='word_1_67' title='bbox 631 1273 707 1337; x_wconf 81' lang='lat' dir='ltr'><strong>quae</strong></span> <span class='ocrx_word' id='word_1_68' title='bbox 729 1257 810 1321; x_wconf 87' lang='lat' dir='ltr'><strong>uerbi</strong></span> <span class='ocrx_word' id='word_1_69' title='bbox 831 1258 949 1334; x_wconf 72' lang='lat' dir='ltr'><strong>tepere</strong></span> <span class='ocrx_word' id='word_1_70' title='bbox 968 1265 1038 1324; x_wconf 87' lang='lat' dir='ltr'><strong>sunt</strong></span> <span class='ocrx_word' id='word_1_71' title='bbox 1058 1266 1230 1343; x_wconf 88' lang='lat' dir='ltr'><strong>composita.</strong></span> <span class='ocrx_word' id='word_1_72' title='bbox 1264 1262 1472 1325; x_wconf 86' lang='lat' dir='ltr'><strong>Verumtamen</strong></span> <span class='ocrx_word' id='word_1_73' title='bbox 1495 1259 1624 1336; x_wconf 88' lang='lat' dir='ltr'><strong>leges,</strong></span> <span class='ocrx_word' id='word_1_74' title='bbox 1646 1258 1724 1321; x_wconf 87' lang='lat' dir='ltr'><strong>unde</strong></span> <span class='ocrx_word' id='word_1_75' title='bbox 1745 1258 1876 1335; x_wconf 87' lang='lat' dir='ltr'><strong>logiti-</strong></span> 
     </span>
     <span class='ocr_line' id='line_1_8' title="bbox 302 1364 1879 1451; baseline -0.001 -23"><span class='ocrx_word' id='word_1_76' title='bbox 302 1383 383 1429; x_wconf 86' lang='lat' dir='ltr'><strong>mos</strong></span> <span class='ocrx_word' id='word_1_77' title='bbox 403 1375 435 1427; x_wconf 84' lang='lat' dir='ltr'><strong>et</strong></span> <span class='ocrx_word' id='word_1_78' title='bbox 462 1365 537 1442; x_wconf 90' lang='lat' dir='ltr'><strong>alla,</strong></span> <span class='ocrx_word' id='word_1_79' title='bbox 565 1371 596 1428; x_wconf 91' lang='lat' dir='ltr'><strong>et</strong></span> <span class='ocrx_word' id='word_1_80' title='bbox 625 1365 783 1442; x_wconf 77' lang='lat' dir='ltr'><strong>collega</strong></span> <span class='ocrx_word' id='word_1_81' title='bbox 815 1366 873 1430; x_wconf 86' lang='lat' dir='ltr'><strong>alia</strong></span> <span class='ocrx_word' id='word_1_82' title='bbox 901 1368 930 1427; x_wconf 83' lang='lat' dir='ltr'><strong>ul</strong></span> <span class='ocrx_word' id='word_1_83' title='bbox 958 1381 975 1429; x_wconf 94' lang='lat' dir='ltr'><strong>a</strong></span> <span class='ocrx_word' id='word_1_84' title='bbox 997 1367 1125 1444; x_wconf 87' lang='lat' dir='ltr'><strong>legendo</strong></span> <span class='ocrx_word' id='word_1_85' title='bbox 1158 1373 1311 1451; x_wconf 86' lang='lat' dir='ltr'><strong>imposita,</strong></span> <span class='ocrx_word' id='word_1_86' title='bbox 1332 1374 1366 1432; x_wconf 91' lang='lat' dir='ltr'><strong>ul</strong></span> <span class='ocrx_word' id='word_1_87' title='bbox 1388 1383 1457 1432; x_wconf 85' lang='lat' dir='ltr'><strong>mox</strong></span> <span class='ocrx_word' id='word_1_88' title='bbox 1477 1381 1544 1429; x_wconf 93' lang='lat' dir='ltr'><strong>sum</strong></span> <span class='ocrx_word' id='word_1_89' title='bbox 1564 1364 1762 1446; x_wconf 58' lang='lat' dir='ltr'><strong>probaturum</strong></span> <span class='ocrx_word' id='word_1_90' title='bbox 1781 1381 1879 1446; x_wconf 83' lang='lat' dir='ltr'><strong>noque</strong></span> 
     </span>
     <span class='ocr_line' id='line_1_9' title="bbox 301 1472 1878 1553; baseline -0.004 -16"><span class='ocrx_word' id='word_1_91' title='bbox 301 1476 421 1550; x_wconf 77' lang='lat' dir='ltr'><strong>obstat,</strong></span> <span class='ocrx_word' id='word_1_92' title='bbox 441 1473 520 1553; x_wconf 78' lang='lat' dir='ltr'><strong>quod</strong></span> <span class='ocrx_word' id='word_1_93' title='bbox 539 1476 633 1551; x_wconf 90' lang='lat' dir='ltr'><strong>prima</strong></span> <span class='ocrx_word' id='word_1_94' title='bbox 656 1489 756 1538; x_wconf 83' lang='lat' dir='ltr'><strong>eorum</strong></span> <span class='ocrx_word' id='word_1_95' title='bbox 777 1472 890 1549; x_wconf 86' lang='lat' dir='ltr'><strong>syllaba</strong></span> <span class='ocrx_word' id='word_1_96' title='bbox 912 1481 958 1536; x_wconf 84' lang='lat' dir='ltr'><strong>ast</strong></span> <span class='ocrx_word' id='word_1_97' title='bbox 980 1475 1084 1551; x_wconf 80' lang='lat' dir='ltr'><strong>longa:</strong></span> <span class='ocrx_word' id='word_1_98' title='bbox 1105 1481 1146 1541; x_wconf 85' lang='lat' dir='ltr'><strong>lta</strong></span> <span class='ocrx_word' id='word_1_99' title='bbox 1169 1481 1247 1541; x_wconf 88' lang='lat' dir='ltr'><strong>euim</strong></span> <span class='ocrx_word' id='word_1_100' title='bbox 1267 1484 1298 1540; x_wconf 90' lang='lat' dir='ltr'><strong>et</strong></span> <span class='ocrx_word' id='word_1_101' title='bbox 1318 1493 1336 1540; x_wconf 95' lang='lat' dir='ltr'><strong>a</strong></span> <span class='ocrx_word' id='word_1_102' title='bbox 1365 1474 1495 1552; x_wconf 86' lang='lat' dir='ltr'><strong>regendo</strong></span> <span class='ocrx_word' id='word_1_103' title='bbox 1515 1490 1570 1537; x_wconf 84' lang='lat' dir='ltr'><strong>rex</strong></span> <span class='ocrx_word' id='word_1_104' title='bbox 1590 1476 1671 1550; x_wconf 87' lang='lat' dir='ltr'><strong>regis</strong></span> <span class='ocrx_word' id='word_1_105' title='bbox 1692 1472 1878 1537; x_wconf 88' lang='lat' dir='ltr'><strong>declinatum.</strong></span> 
     </span>
     <span class='ocr_line' id='line_1_10' title="bbox 300 1581 1880 1664; baseline -0.001 -19"><span class='ocrx_word' id='word_1_106' title='bbox 300 1584 457 1658; x_wconf 85' lang='lat' dir='ltr'><strong>lignum</strong></span> <span class='ocrx_word' id='word_1_107' title='bbox 485 1597 544 1645; x_wconf 88' lang='lat' dir='ltr'><strong>noo</strong></span> <span class='ocrx_word' id='word_1_108' title='bbox 575 1597 593 1644; x_wconf 91' lang='lat' dir='ltr'><strong>a</strong></span> <span class='ocrx_word' id='word_1_109' title='bbox 615 1581 741 1658; x_wconf 89' lang='lat' dir='ltr'><strong>legendo</strong></span> <span class='ocrx_word' id='word_1_110' title='bbox 770 1586 798 1644; x_wconf 88' lang='lat' dir='ltr'><strong>ln</strong></span> <span class='ocrx_word' id='word_1_111' title='bbox 820 1585 908 1658; x_wconf 72' lang='lat' dir='ltr'><strong>agris,</strong></span> <span class='ocrx_word' id='word_1_112' title='bbox 922 1599 1011 1661; x_wconf 86' lang='lat' dir='ltr'><strong>posse</strong></span> <span class='ocrx_word' id='word_1_113' title='bbox 1033 1583 1120 1661; x_wconf 81' lang='lat' dir='ltr'><strong>tingi,</strong></span> <span class='ocrx_word' id='word_1_114' title='bbox 1143 1593 1276 1664; x_wconf 90' lang='lat' dir='ltr'><strong>apertum</strong></span> <span class='ocrx_word' id='word_1_115' title='bbox 1299 1590 1346 1647; x_wconf 91' lang='lat' dir='ltr'><strong>est</strong></span> <span class='ocrx_word' id='word_1_116' title='bbox 1367 1583 1434 1646; x_wconf 88' lang='lat' dir='ltr'><strong>inde</strong></span> <span class='ocrx_word' id='word_1_117' title='bbox 1455 1581 1534 1663; x_wconf 82' lang='lat' dir='ltr'><strong>quod</strong></span> <span class='ocrx_word' id='word_1_118' title='bbox 1556 1581 1720 1662; x_wconf 71' lang='lat' dir='ltr'><strong>permultae</strong></span> <span class='ocrx_word' id='word_1_119' title='bbox 1740 1584 1770 1646; x_wconf 91' lang='lat' dir='ltr'><strong>ln</strong></span> <span class='ocrx_word' id='word_1_120' title='bbox 1799 1583 1880 1657; x_wconf 85' lang='lat' dir='ltr'><strong>agris</strong></span> 
     </span>
     <span class='ocr_line' id='line_1_11' title="bbox 302 1688 1882 1771; baseline -0.001 -17"><span class='ocrx_word' id='word_1_121' title='bbox 302 1694 442 1769; x_wconf 87' lang='lat' dir='ltr'><strong>leguntur</strong></span> <span class='ocrx_word' id='word_1_122' title='bbox 468 1689 591 1767; x_wconf 76' lang='lat' dir='ltr'><strong>fruges,</strong></span> <span class='ocrx_word' id='word_1_123' title='bbox 618 1688 725 1768; x_wconf 81' lang='lat' dir='ltr'><strong>qulbus</strong></span> <span class='ocrx_word' id='word_1_124' title='bbox 754 1690 830 1754; x_wconf 88' lang='lat' dir='ltr'><strong>idem</strong></span> <span class='ocrx_word' id='word_1_125' title='bbox 860 1705 966 1753; x_wconf 90' lang='lat' dir='ltr'><strong>nomeu</strong></span> <span class='ocrx_word' id='word_1_126' title='bbox 988 1691 1079 1756; x_wconf 91' lang='lat' dir='ltr'><strong>mullo</strong></span> <span class='ocrx_word' id='word_1_127' title='bbox 1106 1695 1201 1769; x_wconf 84' lang='lat' dir='ltr'><strong>magis</strong></span> <span class='ocrx_word' id='word_1_128' title='bbox 1226 1695 1397 1757; x_wconf 82' lang='lat' dir='ltr'><strong>conueniret</strong></span> <span class='ocrx_word' id='word_1_129' title='bbox 1426 1706 1515 1771; x_wconf 84' lang='lat' dir='ltr'><strong>quam</strong></span> <span class='ocrx_word' id='word_1_130' title='bbox 1536 1689 1640 1767; x_wconf 86' lang='lat' dir='ltr'><strong>lignis,</strong></span> <span class='ocrx_word' id='word_1_131' title='bbox 1662 1703 1739 1769; x_wconf 77' lang='lat' dir='ltr'><strong>quse</strong></span> <span class='ocrx_word' id='word_1_132' title='bbox 1760 1692 1882 1767; x_wconf 84' lang='lat' dir='ltr'><strong>insuper</strong></span> 
     </span>
     <span class='ocr_line' id='line_1_12' title="bbox 301 1796 1883 1880; baseline -0.006 -17"><span class='ocrx_word' id='word_1_133' title='bbox 301 1804 330 1863; x_wconf 90' lang='lat' dir='ltr'><strong>ln</strong></span> <span class='ocrx_word' id='word_1_134' title='bbox 358 1801 441 1861; x_wconf 77' lang='lat' dir='ltr'><strong>siluis</strong></span> <span class='ocrx_word' id='word_1_135' title='bbox 473 1801 571 1877; x_wconf 85' lang='lat' dir='ltr'><strong>polius</strong></span> <span class='ocrx_word' id='word_1_136' title='bbox 598 1801 799 1876; x_wconf 82' lang='lat' dir='ltr'><strong>reperiuntur,</strong></span> <span class='ocrx_word' id='word_1_137' title='bbox 829 1813 887 1860; x_wconf 92' lang='lat' dir='ltr'><strong>non</strong></span> <span class='ocrx_word' id='word_1_138' title='bbox 916 1800 945 1860; x_wconf 94' lang='lat' dir='ltr'><strong>ln</strong></span> <span class='ocrx_word' id='word_1_139' title='bbox 976 1803 1077 1879; x_wconf 83' lang='lat' dir='ltr'><strong>agrls3</strong></span> <span class='ocrx_word' id='word_1_140' title='bbox 1099 1800 1176 1863; x_wconf 91' lang='lat' dir='ltr'><strong>unde</strong></span> <span class='ocrx_word' id='word_1_141' title='bbox 1196 1800 1382 1880; x_wconf 83' lang='lat' dir='ltr'><strong>prouerblum</strong></span> <span class='ocrx_word' id='word_1_142' title='bbox 1403 1798 1475 1861; x_wconf 90' lang='lat' dir='ltr'><strong>illud</strong></span> <span class='ocrx_word' id='word_1_143' title='bbox 1496 1799 1682 1862; x_wconf 84' lang='lat' dir='ltr'><strong>notissimum</strong></span> <span class='ocrx_word' id='word_1_144' title='bbox 1704 1797 1739 1857; x_wconf 82' lang='grc' dir='ltr'><strong>1ο</strong></span> <span class='ocrx_word' id='word_1_145' title='bbox 1765 1796 1883 1857; x_wconf 70' lang='lat' dir='ltr'><strong>edeam</strong></span> 
     </span>
     <span class='ocr_line' id='line_1_13' title="bbox 300 1900 1882 1987; baseline -0.004 -19"><span class='ocrx_word' id='word_1_146' title='bbox 300 1910 390 1982; x_wconf 75' lang='lat' dir='ltr'><strong>lipsa</strong></span> <span class='ocrx_word' id='word_1_147' title='bbox 409 1907 531 1983; x_wconf 71' lang='lat' dir='ltr'><strong>ferre,</strong></span> <span class='ocrx_word' id='word_1_148' title='bbox 553 1905 630 1983; x_wconf 84' lang='lat' dir='ltr'><strong>quod</strong></span> <span class='ocrx_word' id='word_1_149' title='bbox 653 1904 829 1967; x_wconf 82' lang='lat' dir='ltr'><strong>Graecorum</strong></span> <span class='ocrx_word' id='word_1_150' title='bbox 850 1903 968 1983; x_wconf 78' lang='grc' dir='ltr'><strong><em>γλαῦκ’</em></strong></span> <span class='ocrx_word' id='word_1_151' title='bbox 991 1911 1038 1978; x_wconf 70' lang='grc' dir='ltr'><strong>εἰς</strong></span> <span class='ocrx_word' id='word_1_152' title='bbox 1059 1900 1227 1987; x_wconf 76' lang='grc' dir='ltr'><strong>Ἀθήνας,</strong></span> <span class='ocrx_word' id='word_1_153' title='bbox 1249 1907 1462 1971; x_wconf 80' lang='lat' dir='ltr'><strong>Germanorum</strong></span> <span class='ocrx_word' id='word_1_154' title='bbox 1489 1903 1621 1966; x_wconf 77' lang='lat' dir='ltr'><strong>wasser</strong></span> <span class='ocrx_word' id='word_1_155' title='bbox 1640 1904 1676 1964; x_wconf 84' lang='grc' dir='ltr'><strong>1ο</strong></span> <span class='ocrx_word' id='word_1_156' title='bbox 1696 1900 1763 1964; x_wconf 81' lang='lat' dir='ltr'><strong>den</strong></span> <span class='ocrx_word' id='word_1_157' title='bbox 1773 1901 1882 1963; x_wconf 80' lang='lat' dir='ltr'><strong>illiciet</strong></span> 
     </span>
     <span class='ocr_line' id='line_1_14' title="bbox 299 2012 1880 2094; baseline -0.003 -18"><span class='ocrx_word' id='word_1_158' title='bbox 299 2023 419 2091; x_wconf 76' lang='lat' dir='ltr'><strong>tropen</strong></span> <span class='ocrx_word' id='word_1_159' title='bbox 446 2012 616 2089; x_wconf 82' lang='lat' dir='ltr'><strong>respondet.</strong></span> <span class='ocrx_word' id='word_1_160' title='bbox 646 2012 808 2074; x_wconf 86' lang='lat' dir='ltr'><strong>Lectica</strong></span> <span class='ocrx_word' id='word_1_161' title='bbox 838 2021 953 2092; x_wconf 79' lang='lat' dir='ltr'><strong>autern,</strong></span> <span class='ocrx_word' id='word_1_162' title='bbox 984 2028 1017 2077; x_wconf 86' lang='lat' dir='ltr'><strong>ut</strong></span> <span class='ocrx_word' id='word_1_163' title='bbox 1036 2017 1185 2094; x_wconf 86' lang='lat' dir='ltr'><strong>lectus,</strong></span> <span class='ocrx_word' id='word_1_164' title='bbox 1214 2031 1231 2078; x_wconf 94' lang='lat' dir='ltr'><strong>a</strong></span> <span class='ocrx_word' id='word_1_165' title='bbox 1252 2013 1379 2092; x_wconf 87' lang='lat' dir='ltr'><strong>legendo</strong></span> <span class='ocrx_word' id='word_1_166' title='bbox 1397 2021 1467 2077; x_wconf 86' lang='lat' dir='ltr'><strong>suut</strong></span> <span class='ocrx_word' id='word_1_167' title='bbox 1496 2015 1632 2092; x_wconf 88' lang='lat' dir='ltr'><strong>imposita</strong></span> <span class='ocrx_word' id='word_1_168' title='bbox 1653 2027 1713 2076; x_wconf 91' lang='lat' dir='ltr'><strong>uon</strong></span> <span class='ocrx_word' id='word_1_169' title='bbox 1734 2025 1780 2087; x_wconf 87' lang='lat' dir='ltr'><strong>cu,</strong></span> <span class='ocrx_word' id='word_1_170' title='bbox 1803 2024 1880 2090; x_wconf 80' lang='lat' dir='ltr'><strong>quae</strong></span> 
     </span>
     <span class='ocr_line' id='line_1_15' title="bbox 304 2118 1881 2198; baseline -0.004 -12"><span class='ocrx_word' id='word_1_171' title='bbox 304 2126 426 2187; x_wconf 80' lang='lat' dir='ltr'><strong>Varroni</strong></span> <span class='ocrx_word' id='word_1_172' title='bbox 455 2119 625 2197; x_wconf 82' lang='lat' dir='ltr'><strong>videbatur,</strong></span> <span class='ocrx_word' id='word_1_173' title='bbox 657 2123 780 2185; x_wconf 90' lang='lat' dir='ltr'><strong>ratione.</strong></span> <span class='ocrx_word' id='word_1_174' title='bbox 823 2122 935 2198; x_wconf 88' lang='lat' dir='ltr'><strong>Legere</strong></span> <span class='ocrx_word' id='word_1_175' title='bbox 965 2127 1043 2186; x_wconf 85' lang='lat' dir='ltr'><strong>eurlm</strong></span> <span class='ocrx_word' id='word_1_176' title='bbox 1065 2125 1094 2185; x_wconf 90' lang='lat' dir='ltr'><strong>ln</strong></span> <span class='ocrx_word' id='word_1_177' title='bbox 1116 2124 1173 2186; x_wconf 89' lang='lat' dir='ltr'><strong>bac</strong></span> <span class='ocrx_word' id='word_1_178' title='bbox 1194 2122 1351 2186; x_wconf 84' lang='lat' dir='ltr'><strong>uerborum</strong></span> <span class='ocrx_word' id='word_1_179' title='bbox 1372 2124 1549 2198; x_wconf 77' lang='lat' dir='ltr'><strong>sugestione</strong></span> <span class='ocrx_word' id='word_1_180' title='bbox 1571 2124 1630 2181; x_wconf 83' lang='lat' dir='ltr'><strong>uim</strong></span> <span class='ocrx_word' id='word_1_181' title='bbox 1651 2118 1743 2183; x_wconf 91' lang='lat' dir='ltr'><strong>babet</strong></span> <span class='ocrx_word' id='word_1_182' title='bbox 1763 2131 1881 2195; x_wconf 88' lang='lat' dir='ltr'><strong>germa-</strong></span> 
     </span>
     <span class='ocr_line' id='line_1_16' title="bbox 302 2222 1883 2309; baseline -0.007 -12"><span class='ocrx_word' id='word_1_183' title='bbox 302 2237 359 2296; x_wconf 89' lang='lat' dir='ltr'><strong>nici</strong></span> <span class='ocrx_word' id='word_1_184' title='bbox 380 2232 499 2307; x_wconf 76' lang='lat' dir='ltr'><strong>legen,</strong></span> <span class='ocrx_word' id='word_1_185' title='bbox 531 2228 608 2291; x_wconf 84' lang='lat' dir='ltr'><strong>unde</strong></span> <span class='ocrx_word' id='word_1_186' title='bbox 637 2228 766 2304; x_wconf 81' lang='lat' dir='ltr'><strong>Luper,</strong></span> <span class='ocrx_word' id='word_1_187' title='bbox 788 2245 842 2292; x_wconf 85' lang='lat' dir='ltr'><strong>seu</strong></span> <span class='ocrx_word' id='word_1_188' title='bbox 863 2235 999 2306; x_wconf 76' lang='lat' dir='ltr'><strong>neenec,</strong></span> <span class='ocrx_word' id='word_1_189' title='bbox 1022 2231 1099 2292; x_wconf 86' lang='lat' dir='ltr'><strong>unde</strong></span> <span class='ocrx_word' id='word_1_190' title='bbox 1121 2230 1278 2307; x_wconf 69' lang='lat' dir='ltr'><strong>dissolu,</strong></span> <span class='ocrx_word' id='word_1_191' title='bbox 1303 2229 1465 2309; x_wconf 73' lang='lat' dir='ltr'><strong>Ausonis,</strong></span> <span class='ocrx_word' id='word_1_192' title='bbox 1487 2245 1541 2292; x_wconf 86' lang='lat' dir='ltr'><strong>scu</strong></span> <span class='ocrx_word' id='word_1_193' title='bbox 1562 2226 1705 2302; x_wconf 76' lang='lat' dir='ltr'><strong>stetten,</strong></span> <span class='ocrx_word' id='word_1_194' title='bbox 1725 2225 1803 2289; x_wconf 89' lang='lat' dir='ltr'><strong>unde</strong></span> <span class='ocrx_word' id='word_1_195' title='bbox 1827 2222 1883 2286; x_wconf 78' lang='lat' dir='ltr'><strong>Ge·</strong></span> 
     </span>
     <span class='ocr_line' id='line_1_17' title="bbox 303 2331 1885 2418; baseline -0.005 -16"><span class='ocrx_word' id='word_1_196' title='bbox 303 2339 388 2402; x_wconf 77' lang='lat' dir='ltr'><strong>stell.</strong></span> <span class='ocrx_word' id='word_1_197' title='bbox 431 2337 494 2400; x_wconf 84' lang='lat' dir='ltr'><strong>Tali</strong></span> <span class='ocrx_word' id='word_1_198' title='bbox 523 2336 609 2400; x_wconf 92' lang='lat' dir='ltr'><strong>modo</strong></span> <span class='ocrx_word' id='word_1_199' title='bbox 638 2351 695 2399; x_wconf 94' lang='lat' dir='ltr'><strong>non</strong></span> <span class='ocrx_word' id='word_1_200' title='bbox 727 2337 821 2400; x_wconf 90' lang='lat' dir='ltr'><strong>solum</strong></span> <span class='ocrx_word' id='word_1_201' title='bbox 850 2338 915 2401; x_wconf 81' lang='lat' dir='ltr'><strong>lex</strong></span> <span class='ocrx_word' id='word_1_202' title='bbox 937 2348 1058 2402; x_wconf 84' lang='lat' dir='ltr'><strong>recten</strong></span> <span class='ocrx_word' id='word_1_203' title='bbox 1087 2341 1213 2416; x_wconf 86' lang='lat' dir='ltr'><strong>legendo</strong></span> <span class='ocrx_word' id='word_1_204' title='bbox 1241 2341 1397 2418; x_wconf 89' lang='lat' dir='ltr'><strong>imposita,</strong></span> <span class='ocrx_word' id='word_1_205' title='bbox 1421 2352 1496 2416; x_wconf 82' lang='lat' dir='ltr'><strong>quae</strong></span> <span class='ocrx_word' id='word_1_206' title='bbox 1518 2337 1557 2398; x_wconf 91' lang='lat' dir='ltr'><strong>slt</strong></span> <span class='ocrx_word' id='word_1_207' title='bbox 1576 2335 1649 2397; x_wconf 89' lang='lat' dir='ltr'><strong>luris</strong></span> <span class='ocrx_word' id='word_1_208' title='bbox 1669 2331 1777 2413; x_wconf 88' lang='lat' dir='ltr'><strong>publici</strong></span> <span class='ocrx_word' id='word_1_209' title='bbox 1799 2334 1885 2411; x_wconf 82' lang='lat' dir='ltr'><strong>quasi</strong></span> 
     </span>
     <span class='ocr_line' id='line_1_18' title="bbox 307 2439 1883 2523; baseline -0.004 -15"><span class='ocrx_word' id='word_1_210' title='bbox 307 2448 529 2509; x_wconf 81' lang='lat' dir='ltr'><strong>bnudameutum</strong></span> <span class='ocrx_word' id='word_1_211' title='bbox 552 2443 675 2520; x_wconf 88' lang='lat' dir='ltr'><strong>(idcirco</strong></span> <span class='ocrx_word' id='word_1_212' title='bbox 696 2445 775 2523; x_wconf 89' lang='lat' dir='ltr'><strong>npud</strong></span> <span class='ocrx_word' id='word_1_213' title='bbox 797 2446 957 2509; x_wconf 82' lang='lat' dir='ltr'><strong>Germanos</strong></span> <span class='ocrx_word' id='word_1_214' title='bbox 979 2448 1114 2511; x_wconf 79' lang='lat' dir='ltr'><strong>desetz</strong></span> <span class='ocrx_word' id='word_1_215' title='bbox 1137 2449 1240 2510; x_wconf 88' lang='lat' dir='ltr'><strong>eadem</strong></span> <span class='ocrx_word' id='word_1_216' title='bbox 1261 2447 1368 2510; x_wconf 84' lang='lat' dir='ltr'><strong>dicitur</strong></span> <span class='ocrx_word' id='word_1_217' title='bbox 1389 2442 1542 2521; x_wconf 88' lang='lat' dir='ltr'><strong>notione),</strong></span> <span class='ocrx_word' id='word_1_218' title='bbox 1564 2441 1617 2505; x_wconf 89' lang='lat' dir='ltr'><strong>sed</strong></span> <span class='ocrx_word' id='word_1_219' title='bbox 1640 2445 1730 2505; x_wconf 83' lang='lat' dir='ltr'><strong>etlam</strong></span> <span class='ocrx_word' id='word_1_220' title='bbox 1752 2439 1830 2504; x_wconf 84' lang='lat' dir='ltr'><strong>coll</strong></span> <span class='ocrx_word' id='word_1_221' title='bbox 1844 2456 1883 2503; x_wconf 89' lang='lat' dir='ltr'><strong>e·</strong></span> 
     </span>
     <span class='ocr_line' id='line_1_19' title="bbox 306 2549 1884 2636; baseline -0.003 -21"><span class='ocrx_word' id='word_1_222' title='bbox 306 2569 369 2631; x_wconf 90' lang='lat' dir='ltr'><strong>ga,</strong></span> <span class='ocrx_word' id='word_1_223' title='bbox 396 2556 444 2632; x_wconf 87' lang='lat' dir='ltr'><strong>qui</strong></span> <span class='ocrx_word' id='word_1_224' title='bbox 473 2567 530 2614; x_wconf 87' lang='lat' dir='ltr'><strong>una</strong></span> <span class='ocrx_word' id='word_1_225' title='bbox 559 2567 625 2614; x_wconf 89' lang='lat' dir='ltr'><strong>cum</strong></span> <span class='ocrx_word' id='word_1_226' title='bbox 654 2552 720 2613; x_wconf 90' lang='lat' dir='ltr'><strong>allis</strong></span> <span class='ocrx_word' id='word_1_227' title='bbox 747 2558 788 2614; x_wconf 85' lang='lat' dir='ltr'><strong>sit</strong></span> <span class='ocrx_word' id='word_1_228' title='bbox 817 2552 918 2615; x_wconf 87' lang='lat' dir='ltr'><strong>lisdem</strong></span> <span class='ocrx_word' id='word_1_229' title='bbox 948 2554 1036 2617; x_wconf 89' lang='lat' dir='ltr'><strong>rebus</strong></span> <span class='ocrx_word' id='word_1_230' title='bbox 1064 2559 1251 2636; x_wconf 87' lang='lat' dir='ltr'><strong>praepositus</strong></span> <span class='ocrx_word' id='word_1_231' title='bbox 1280 2555 1355 2630; x_wconf 83' lang='lat' dir='ltr'><strong>(ein</strong></span> <span class='ocrx_word' id='word_1_232' title='bbox 1375 2551 1563 2627; x_wconf 81' lang='lat' dir='ltr'><strong>Mitsorse).</strong></span> <span class='ocrx_word' id='word_1_233' title='bbox 1606 2550 1648 2614; x_wconf 79' lang='lat' dir='ltr'><strong>lio</strong></span> <span class='ocrx_word' id='word_1_234' title='bbox 1676 2549 1815 2612; x_wconf 89' lang='lat' dir='ltr'><strong>libentius</strong></span> <span class='ocrx_word' id='word_1_235' title='bbox 1842 2549 1884 2610; x_wconf 87' lang='lat' dir='ltr'><strong>lta</strong></span> 
     </span>
     <span class='ocr_line' id='line_1_20' title="bbox 306 2657 1882 2741; baseline -0.004 -17"><span class='ocrx_word' id='word_1_236' title='bbox 306 2670 419 2737; x_wconf 86' lang='lat' dir='ltr'><strong>statuo,</strong></span> <span class='ocrx_word' id='word_1_237' title='bbox 449 2658 526 2740; x_wconf 80' lang='lat' dir='ltr'><strong>quod</strong></span> <span class='ocrx_word' id='word_1_238' title='bbox 558 2674 696 2734; x_wconf 85' lang='lat' dir='ltr'><strong>graecum</strong></span> <span class='ocrx_word' id='word_1_239' title='bbox 725 2676 841 2739; x_wconf 80' lang='lat' dir='ltr'><strong>quoque</strong></span> <span class='ocrx_word' id='word_1_240' title='bbox 873 2660 996 2740; x_wconf 74' lang='lat' dir='ltr'><strong>lirano,</strong></span> <span class='ocrx_word' id='word_1_241' title='bbox 1024 2663 1117 2728; x_wconf 89' lang='lat' dir='ltr'><strong>latino</strong></span> <span class='ocrx_word' id='word_1_242' title='bbox 1144 2664 1244 2740; x_wconf 84' lang='lat' dir='ltr'><strong>legere</strong></span> <span class='ocrx_word' id='word_1_243' title='bbox 1273 2669 1447 2738; x_wconf 81' lang='lat' dir='ltr'><strong>cognatum,</strong></span> <span class='ocrx_word' id='word_1_244' title='bbox 1477 2663 1596 2738; x_wconf 89' lang='lat' dir='ltr'><strong>saepius</strong></span> <span class='ocrx_word' id='word_1_245' title='bbox 1628 2657 1684 2720; x_wconf 88' lang='lat' dir='ltr'><strong>boo</strong></span> <span class='ocrx_word' id='word_1_246' title='bbox 1705 2658 1734 2718; x_wconf 80' lang='lat' dir='ltr'><strong>ul</strong></span> <span class='ocrx_word' id='word_1_247' title='bbox 1755 2658 1882 2741; x_wconf 49' lang='lat' dir='ltr'><strong>ponitur,</strong></span> 
     </span>
     <span class='ocr_line' id='line_1_21' title="bbox 307 2760 1883 2857; baseline -0.004 -27"><span class='ocrx_word' id='word_1_248' title='bbox 307 2768 351 2830; x_wconf 82' lang='lat' dir='ltr'><strong>Ci.</strong></span> <span class='ocrx_word' id='word_1_249' title='bbox 375 2769 456 2831; x_wconf 84' lang='lat' dir='ltr'><strong>Hom.</strong></span> <span class='ocrx_word' id='word_1_250' title='bbox 478 2767 510 2830; x_wconf 90' lang='lat' dir='ltr'><strong>ll.</strong></span> <span class='ocrx_word' id='word_1_251' title='bbox 532 2765 621 2843; x_wconf 80' lang='grc'><strong>111111,</strong></span> <span class='ocrx_word' id='word_1_252' title='bbox 642 2762 731 2830; x_wconf 67' lang='lat' dir='ltr'><strong>ban:</strong></span> <span class='ocrx_word' id='word_1_253' title='bbox 751 2764 937 2846; x_wconf 62' lang='lat' dir='ltr'><strong>Aidoneus</strong></span> <span class='ocrx_word' id='word_1_254' title='bbox 959 2791 998 2849; x_wconf 77' lang='lat' dir='ltr'><strong>pa</strong></span> <span class='ocrx_word' id='word_1_255' title='bbox 1019 2763 1185 2850; x_wconf 75' lang='grc' dir='ltr'><strong><em>τάχιστοι,</em></strong></span> <span class='ocrx_word' id='word_1_256' title='bbox 1206 2768 1404 2857; x_wconf 72' lang='grc' dir='ltr'><strong><em>Διοτροφές,</em></strong></span> <span class='ocrx_word' id='word_1_257' title='bbox 1423 2767 1491 2830; x_wconf 80' lang='grc' dir='ltr'><strong><em>κτλ.</em></strong></span> <span class='ocrx_word' id='word_1_258' title='bbox 1515 2767 1558 2829; x_wconf 83' lang='lat' dir='ltr'><strong>cf.</strong></span> <span class='ocrx_word' id='word_1_259' title='bbox 1580 2764 1617 2828; x_wconf 86' lang='lat' dir='ltr'><strong>ill.</strong></span> <span class='ocrx_word' id='word_1_260' title='bbox 1640 2763 1716 2841; x_wconf 84' lang='lat' dir='ltr'><strong>xlv,</strong></span> <span class='ocrx_word' id='word_1_261' title='bbox 1737 2762 1809 2827; x_wconf 81' lang='lat'><strong>252.</strong></span> <span class='ocrx_word' id='word_1_262' title='bbox 1831 2760 1883 2824; x_wconf 84' lang='lat' dir='ltr'><strong>bd.</strong></span> 
     </span>
     <span class='ocr_line' id='line_1_22' title="bbox 304 2866 1878 2957; baseline -0.008 -15"><span class='ocrx_word' id='word_1_263' title='bbox 304 2879 350 2953; x_wconf 88' lang='lat' dir='ltr'><strong>iv,</strong></span> <span class='ocrx_word' id='word_1_264' title='bbox 373 2873 443 2939; x_wconf 71' lang='lat'><strong>413.</strong></span> <span class='ocrx_word' id='word_1_265' title='bbox 466 2871 685 2953; x_wconf 59' lang='grc'><strong>15111181.</strong></span> <span class='ocrx_word' id='word_1_266' title='bbox 709 2876 766 2949; x_wconf 90' lang='grc'><strong>1111,</strong></span> <span class='ocrx_word' id='word_1_267' title='bbox 788 2873 857 2940; x_wconf 84' lang='grc'><strong>316.</strong></span> <span class='ocrx_word' id='word_1_268' title='bbox 881 2878 925 2941; x_wconf 84' lang='lat' dir='ltr'><strong>cl.</strong></span> <span class='ocrx_word' id='word_1_269' title='bbox 947 2880 1045 2944; x_wconf 84' lang='lat' dir='ltr'><strong>Sobol.</strong></span> <span class='ocrx_word' id='word_1_270' title='bbox 1069 2889 1099 2942; x_wconf 92' lang='lat' dir='ltr'><strong>et</strong></span> <span class='ocrx_word' id='word_1_271' title='bbox 1130 2879 1244 2957; x_wconf 88' lang='lat' dir='ltr'><strong>intpp.;</strong></span> <span class='ocrx_word' id='word_1_272' title='bbox 1273 2893 1365 2956; x_wconf 86' lang='lat' dir='ltr'><strong>quare</strong></span> <span class='ocrx_word' id='word_1_273' title='bbox 1394 2883 1424 2940; x_wconf 85' lang='lat' dir='ltr'><strong>et</strong></span> <span class='ocrx_word' id='word_1_274' title='bbox 1447 2876 1642 2938; x_wconf 84' lang='lat' dir='ltr'><strong>Buttmaonus</strong></span> <span class='ocrx_word' id='word_1_275' title='bbox 1663 2871 1754 2935; x_wconf 83' lang='lat' dir='ltr'><strong>lexll.</strong></span> <span class='ocrx_word' id='word_1_276' title='bbox 1777 2888 1804 2949; x_wconf 92' lang='lat' dir='ltr'><strong>p.</strong></span> <span class='ocrx_word' id='word_1_277' title='bbox 1828 2866 1878 2933; x_wconf 85' lang='grc'><strong>78.</strong></span> 
     </span>
     <span class='ocr_line' id='line_1_23' title="bbox 303 2984 1383 3068; baseline -0.007 -18"><span class='ocrx_word' id='word_1_278' title='bbox 303 2989 339 3050; x_wconf 88' lang='lat' dir='ltr'><strong>al.</strong></span> <span class='ocrx_word' id='word_1_279' title='bbox 363 2985 484 3048; x_wconf 79' lang='lat' dir='ltr'><strong>uerbum</strong></span> <span class='ocrx_word' id='word_1_280' title='bbox 506 2984 610 3062; x_wconf 72' lang='grc' dir='ltr'><strong><em>λέγειν</em></strong></span> <span class='ocrx_word' id='word_1_281' title='bbox 631 2984 707 3046; x_wconf 90' lang='lat' dir='ltr'><strong>duas</strong></span> <span class='ocrx_word' id='word_1_282' title='bbox 729 2984 800 3047; x_wconf 90' lang='lat' dir='ltr'><strong>dicit</strong></span> <span class='ocrx_word' id='word_1_283' title='bbox 820 2985 932 3049; x_wconf 87' lang='lat' dir='ltr'><strong>babere</strong></span> <span class='ocrx_word' id='word_1_284' title='bbox 959 2993 1079 3068; x_wconf 83' lang='lat' dir='ltr'><strong>stirpes:</strong></span> <span class='ocrx_word' id='word_1_285' title='bbox 1105 2985 1203 3052; x_wconf 80' lang='grc' dir='ltr'><strong>ΑΕΓ</strong></span> <span class='ocrx_word' id='word_1_286' title='bbox 1221 2994 1252 3049; x_wconf 91' lang='lat' dir='ltr'><strong>et</strong></span> <span class='ocrx_word' id='word_1_287' title='bbox 1272 2984 1383 3050; x_wconf 82' lang='grc' dir='ltr'><em>ΛΕΧ.</em></span> 
     </span>
    </p>

    <p class='ocr_par' dir='ltr' id='par_1_3' title="bbox 300 3084 1882 3609">
     <span class='ocr_line' id='line_1_24' title="bbox 400 3084 1882 3174; baseline -0.008 -17"><span class='ocrx_word' id='word_1_288' title='bbox 400 3095 547 3169; x_wconf 87' lang='lat' dir='ltr'><strong>legere)</strong></span> <span class='ocrx_word' id='word_1_289' title='bbox 589 3091 698 3154; x_wconf 83' lang='lat' dir='ltr'><strong>Eadem</strong></span> <span class='ocrx_word' id='word_1_290' title='bbox 735 3103 781 3154; x_wconf 88' lang='lat' dir='ltr'><strong>est</strong></span> <span class='ocrx_word' id='word_1_291' title='bbox 820 3097 895 3157; x_wconf 88' lang='lat' dir='ltr'><strong>ratio</strong></span> <span class='ocrx_word' id='word_1_292' title='bbox 925 3096 1007 3158; x_wconf 82' lang='lat' dir='ltr'><strong>uerbi</strong></span> <span class='ocrx_word' id='word_1_293' title='bbox 1033 3099 1193 3174; x_wconf 77' lang='lat' dir='ltr'><strong>germanici</strong></span> <span class='ocrx_word' id='word_1_294' title='bbox 1222 3090 1552 3162; x_wconf 63' lang='lat' dir='ltr'><strong>daemomonem,</strong></span> <span class='ocrx_word' id='word_1_295' title='bbox 1583 3093 1613 3151; x_wconf 92' lang='lat' dir='ltr'><strong>et</strong></span> <span class='ocrx_word' id='word_1_296' title='bbox 1645 3087 1746 3164; x_wconf 82' lang='lat' dir='ltr'><strong>graeci</strong></span> <span class='ocrx_word' id='word_1_297' title='bbox 1778 3084 1882 3164; x_wconf 69' lang='grc' dir='ltr'><strong><em>λέγειν</em></strong></span> 
     </span>
     <span class='ocr_line' id='line_1_25' title="bbox 302 3188 1879 3282; baseline -0.007 -18"><span class='ocrx_word' id='word_1_298' title='bbox 302 3199 503 3282; x_wconf 72' lang='grc' dir='ltr'><strong>(συλλέγειν,</strong></span> <span class='ocrx_word' id='word_1_299' title='bbox 524 3199 688 3276; x_wconf 84' lang='lat' dir='ltr'><strong>colligere).</strong></span> <span class='ocrx_word' id='word_1_300' title='bbox 720 3200 764 3262; x_wconf 83' lang='lat' dir='ltr'><strong>Cf.</strong></span> <span class='ocrx_word' id='word_1_301' title='bbox 782 3201 957 3266; x_wconf 69' lang='lat' dir='ltr'><strong>stowensi.</strong></span> <span class='ocrx_word' id='word_1_302' title='bbox 980 3203 1177 3268; x_wconf 82' lang='lat' dir='ltr'><strong>etSclrmltlb.</strong></span> <span class='ocrx_word' id='word_1_303' title='bbox 1200 3203 1228 3264; x_wconf 94' lang='grc'><strong>11.</strong></span> <span class='ocrx_word' id='word_1_304' title='bbox 1251 3202 1280 3265; x_wconf 90' lang='grc'><strong>11.</strong></span> <span class='ocrx_word' id='word_1_305' title='bbox 1303 3218 1327 3263; x_wconf 85' lang='lat' dir='ltr'><strong>s.</strong></span> <span class='ocrx_word' id='word_1_306' title='bbox 1349 3215 1377 3262; x_wconf 81' lang='lat' dir='ltr'><strong>u.</strong></span> <span class='ocrx_word' id='word_1_307' title='bbox 1400 3195 1651 3259; x_wconf 73' lang='lat' dir='ltr'><strong>lesen-Curi.</strong></span> <span class='ocrx_word' id='word_1_308' title='bbox 1675 3194 1735 3256; x_wconf 92' lang='grc'><strong>1.1.</strong></span> <span class='ocrx_word' id='word_1_309' title='bbox 1757 3208 1785 3270; x_wconf 90' lang='lat' dir='ltr'><strong>p.</strong></span> <span class='ocrx_word' id='word_1_310' title='bbox 1808 3188 1879 3255; x_wconf 86' lang='grc'><strong>330.</strong></span> 
     </span>
     <span class='ocr_line' id='line_1_26' title="bbox 302 3292 1882 3389; baseline -0.008 -18"><span class='ocrx_word' id='word_1_311' title='bbox 302 3311 388 3371; x_wconf 88' lang='lat' dir='ltr'><strong>alteri</strong></span> <span class='ocrx_word' id='word_1_312' title='bbox 409 3308 500 3372; x_wconf 86' lang='lat' dir='ltr'><strong>radlcl</strong></span> <span class='ocrx_word' id='word_1_313' title='bbox 521 3309 586 3388; x_wconf 79' lang='lat' dir='ltr'><strong>iay</strong></span> <span class='ocrx_word' id='word_1_314' title='bbox 607 3310 735 3373; x_wconf 83' lang='lat' dir='ltr'><strong>uindicat</strong></span> <span class='ocrx_word' id='word_1_315' title='bbox 757 3310 849 3373; x_wconf 85' lang='lat' dir='ltr'><strong>latina</strong></span> <span class='ocrx_word' id='word_1_316' title='bbox 864 3311 1012 3375; x_wconf 81' lang='lat' dir='ltr'><strong>uocabula</strong></span> <span class='ocrx_word' id='word_1_317' title='bbox 1034 3311 1124 3389; x_wconf 79' lang='lat' dir='ltr'><strong>depo,</strong></span> <span class='ocrx_word' id='word_1_318' title='bbox 1146 3311 1251 3387; x_wconf 66' lang='lat' dir='ltr'><strong>legio,</strong></span> <span class='ocrx_word' id='word_1_319' title='bbox 1273 3292 1592 3385; x_wconf 68' lang='lat' dir='ltr'><strong>delectos,&#39;lcctos,</strong></span> <span class='ocrx_word' id='word_1_320' title='bbox 1614 3299 1766 3378; x_wconf 76' lang='lat' dir='ltr'><strong>depulsos,</strong></span> <span class='ocrx_word' id='word_1_321' title='bbox 1786 3299 1882 3375; x_wconf 75' lang='lat' dir='ltr'><strong>lepo-</strong></span> 
     </span>
     <span class='ocr_line' id='line_1_27' title="bbox 301 3400 1880 3507; baseline -0.003 -32"><span class='ocrx_word' id='word_1_322' title='bbox 301 3431 394 3507; x_wconf 56' lang='lat' dir='ltr'><strong>rum,</strong></span> <span class='ocrx_word' id='word_1_323' title='bbox 423 3417 544 3495; x_wconf 77' lang='lat' dir='ltr'><strong>lectio,</strong></span> <span class='ocrx_word' id='word_1_324' title='bbox 574 3421 692 3493; x_wconf 83' lang='lat' dir='ltr'><strong>lector,</strong></span> <span class='ocrx_word' id='word_1_325' title='bbox 721 3416 885 3493; x_wconf 73' lang='lat' dir='ltr'><strong>odonem,</strong></span> <span class='ocrx_word' id='word_1_326' title='bbox 912 3418 1066 3497; x_wconf 73' lang='lat' dir='ltr'><strong>neglego,</strong></span> <span class='ocrx_word' id='word_1_327' title='bbox 1100 3419 1267 3495; x_wconf 76' lang='lat' dir='ltr'><strong>inleuipo,</strong></span> <span class='ocrx_word' id='word_1_328' title='bbox 1297 3423 1327 3478; x_wconf 85' lang='lat' dir='ltr'><strong>et</strong></span> <span class='ocrx_word' id='word_1_329' title='bbox 1356 3429 1465 3492; x_wconf 78' lang='lat' dir='ltr'><strong>graeca</strong></span> <span class='ocrx_word' id='word_1_330' title='bbox 1484 3400 1880 3491; x_wconf 70' lang='grc' dir='ltr'><strong>11γο,1εοτός,1ογλς,</strong></span> 
     </span>
     <span class='ocr_line' id='line_1_28' title="bbox 300 3516 1839 3609; baseline -0.006 -22"><span class='ocrx_word' id='word_1_331' title='bbox 300 3526 490 3606; x_wconf 79' lang='grc' dir='ltr'><strong><em>κατολέγω,</em></strong></span> <span class='ocrx_word' id='word_1_332' title='bbox 512 3518 656 3607; x_wconf 77' lang='grc' dir='ltr'><strong><em>σολλογή</em></strong></span> <span class='ocrx_word' id='word_1_333' title='bbox 668 3575 676 3605; x_wconf 92' lang='grc'><strong><em>,</em></strong></span> <span class='ocrx_word' id='word_1_334' title='bbox 699 3517 834 3606; x_wconf 76' lang='grc' dir='ltr'><strong><em>ἐκλογή,</em></strong></span> <span class='ocrx_word' id='word_1_335' title='bbox 856 3519 974 3606; x_wconf 74' lang='grc' dir='ltr'><strong><em>λόγος,</em></strong></span> <span class='ocrx_word' id='word_1_336' title='bbox 1002 3522 1098 3609; x_wconf 56' lang='grc' dir='ltr'><strong><em>λέξις,</em></strong></span> <span class='ocrx_word' id='word_1_337' title='bbox 1125 3525 1312 3606; x_wconf 70' lang='grc' dir='ltr'><strong><em>λογίζομαι.</em></strong></span> <span class='ocrx_word' id='word_1_338' title='bbox 1340 3556 1377 3567; x_wconf 77' lang='lat'>—</span> <span class='ocrx_word' id='word_1_339' title='bbox 1408 3521 1452 3583; x_wconf 81' lang='lat' dir='ltr'><strong>ct.</strong></span> <span class='ocrx_word' id='word_1_340' title='bbox 1476 3519 1652 3586; x_wconf 73' lang='grc'><strong>11011111111.</strong></span> <span class='ocrx_word' id='word_1_341' title='bbox 1674 3519 1694 3583; x_wconf 88' lang='lat' dir='ltr'><strong>i.</strong></span> <span class='ocrx_word' id='word_1_342' title='bbox 1716 3535 1745 3597; x_wconf 90' lang='lat' dir='ltr'><strong>p.</strong></span> <span class='ocrx_word' id='word_1_343' title='bbox 1768 3516 1839 3580; x_wconf 81' lang='lat'><strong>217.</strong></span> 
     </span>
    </p>

    <p class='ocr_par' dir='ltr' id='par_1_4' title="bbox 396 3625 1879 3716">
     <span class='ocr_line' id='line_1_29' title="bbox 396 3625 1879 3716; baseline -0.007 -20"><span class='ocrx_word' id='word_1_344' title='bbox 396 3631 571 3712; x_wconf 88' lang='lat' dir='ltr'><strong>legulos)</strong></span> <span class='ocrx_word' id='word_1_345' title='bbox 614 3635 705 3699; x_wconf 80' lang='lat' dir='ltr'><strong>Varro</strong></span> <span class='ocrx_word' id='word_1_346' title='bbox 730 3636 762 3711; x_wconf 86' lang='grc'><strong>11,</strong></span> <span class='ocrx_word' id='word_1_347' title='bbox 785 3631 967 3699; x_wconf 75' lang='lat' dir='ltr'><strong>blsslmllls</strong></span> <span class='ocrx_word' id='word_1_348' title='bbox 978 3650 1069 3698; x_wconf 88' lang='lat' dir='ltr'><strong>causa</strong></span> <span class='ocrx_word' id='word_1_349' title='bbox 1092 3653 1168 3716; x_wconf 87' lang='lat' dir='ltr'><strong>quae</strong></span> <span class='ocrx_word' id='word_1_350' title='bbox 1189 3634 1226 3697; x_wconf 92' lang='lat' dir='ltr'><strong>ab</strong></span> <span class='ocrx_word' id='word_1_351' title='bbox 1247 3633 1506 3696; x_wconf 86' lang='lat' dir='ltr'><strong>scientlauocatur</strong></span> <span class='ocrx_word' id='word_1_352' title='bbox 1527 3627 1644 3708; x_wconf 83' lang='lat' dir='ltr'><strong>aliqua,</strong></span> <span class='ocrx_word' id='word_1_353' title='bbox 1667 3625 1879 3705; x_wconf 84' lang='lat' dir='ltr'><strong>utpracstl·</strong></span> 
     </span>
    </p>
   </div>
   <div class='ocr_carea' id='block_1_2' title="bbox 299 3733 1878 3823">
    <p class='ocr_par' dir='ltr' id='par_1_5' title="bbox 299 3733 1878 3823">
     <span class='ocr_line' id='line_1_30' title="bbox 299 3733 1878 3823; baseline -0.009 -17"><span class='ocrx_word' id='word_1_354' title='bbox 299 3745 446 3819; x_wconf 88' lang='lat' dir='ltr'><strong>glator,</strong></span> <span class='ocrx_word' id='word_1_355' title='bbox 466 3746 648 3821; x_wconf 87' lang='lat' dir='ltr'><strong>monitor,</strong></span> <span class='ocrx_word' id='word_1_356' title='bbox 676 3744 969 3807; x_wconf 79' lang='lat' dir='ltr'><strong>nomenclator:</strong></span> <span class='ocrx_word' id='word_1_357' title='bbox 990 3746 1033 3805; x_wconf 81' lang='lat' dir='ltr'><strong>sic</strong></span> <span class='ocrx_word' id='word_1_358' title='bbox 1055 3750 1144 3808; x_wconf 89' lang='lat' dir='ltr'><strong>ctiam</strong></span> <span class='ocrx_word' id='word_1_359' title='bbox 1167 3758 1243 3823; x_wconf 81' lang='lat' dir='ltr'><strong>quae</strong></span> <span class='ocrx_word' id='word_1_360' title='bbox 1265 3757 1283 3804; x_wconf 93' lang='lat' dir='ltr'><strong>a</strong></span> <span class='ocrx_word' id='word_1_361' title='bbox 1304 3733 1446 3814; x_wconf 82' lang='lat' dir='ltr'><strong>studio²¹)</strong></span> <span class='ocrx_word' id='word_1_362' title='bbox 1469 3735 1596 3817; x_wconf 83' lang='lat' dir='ltr'><strong>quodam</strong></span> <span class='ocrx_word' id='word_1_363' title='bbox 1618 3734 1773 3812; x_wconf 86' lang='lat' dir='ltr'><strong>dicuntur,</strong></span> <span class='ocrx_word' id='word_1_364' title='bbox 1795 3747 1878 3795; x_wconf 83' lang='lat' dir='ltr'><strong>nur·</strong></span> 
     </span>
    </p>
   </div>
   <div class='ocr_carea' id='block_1_3' title="bbox 320 4029 1876 4219">
    <p class='ocr_par' dir='ltr' id='par_1_6' title="bbox 320 4029 1876 4219">
     <span class='ocr_line' id='line_1_31' title="bbox 320 4029 1876 4117; baseline -0.01 -18"><span class='ocrx_word' id='word_1_365' title='bbox 320 4032 425 4117; x_wconf 68' lang='grc'><strong>20)111</strong></span> <span class='ocrx_word' id='word_1_366' title='bbox 452 4045 568 4112; x_wconf 84' lang='lat' dir='ltr'><strong>etymon</strong></span> <span class='ocrx_word' id='word_1_367' title='bbox 598 4037 730 4097; x_wconf 85' lang='lat' dir='ltr'><strong>vocabuli</strong></span> <span class='ocrx_word' id='word_1_368' title='bbox 758 4037 886 4111; x_wconf 80' lang='lat' dir='ltr'><strong>adesset,</strong></span> <span class='ocrx_word' id='word_1_369' title='bbox 909 4037 1064 4096; x_wconf 82' lang='lat' dir='ltr'><strong>Muellerus</strong></span> <span class='ocrx_word' id='word_1_370' title='bbox 1086 4043 1129 4099; x_wconf 84' lang='lat' dir='ltr'><strong>its</strong></span> <span class='ocrx_word' id='word_1_371' title='bbox 1149 4039 1278 4113; x_wconf 86' lang='lat' dir='ltr'><strong>scripsit:</strong></span> <span class='ocrx_word' id='word_1_372' title='bbox 1301 4035 1396 4095; x_wconf 85' lang='lat' dir='ltr'><strong>Codd:</strong></span> <span class='ocrx_word' id='word_1_373' title='bbox 1419 4030 1473 4096; x_wconf 75' lang='lat' dir='ltr'><strong>Me</strong></span> <span class='ocrx_word' id='word_1_374' title='bbox 1494 4039 1525 4094; x_wconf 80' lang='lat' dir='ltr'><strong>el</strong></span> <span class='ocrx_word' id='word_1_375' title='bbox 1548 4033 1601 4097; x_wconf 74' lang='lat' dir='ltr'><strong>lie.</strong></span> <span class='ocrx_word' id='word_1_376' title='bbox 1643 4031 1723 4094; x_wconf 74' lang='lat' dir='ltr'><strong>Edit.</strong></span> <span class='ocrx_word' id='word_1_377' title='bbox 1744 4029 1876 4102; x_wconf 67' lang='lat' dir='ltr'><strong>Elpeno:</strong></span> 
     </span>
     <span class='ocr_line' id='line_1_32' title="bbox 381 4133 1450 4219; baseline -0.008 -18"><span class='ocrx_word' id='word_1_378' title='bbox 381 4138 520 4213; x_wconf 78' lang='lat' dir='ltr'><strong>Lectos,</strong></span> <span class='ocrx_word' id='word_1_379' title='bbox 542 4154 586 4198; x_wconf 82' lang='lat' dir='ltr'><strong>ne</strong></span> <span class='ocrx_word' id='word_1_380' title='bbox 608 4143 725 4200; x_wconf 77' lang='lat' dir='ltr'><strong>essem</strong></span> <span class='ocrx_word' id='word_1_381' title='bbox 745 4138 780 4198; x_wconf 79' lang='lat' dir='ltr'><strong>in</strong></span> <span class='ocrx_word' id='word_1_382' title='bbox 802 4142 917 4219; x_wconf 82' lang='lat' dir='ltr'><strong>terro,</strong></span> <span class='ocrx_word' id='word_1_383' title='bbox 937 4136 1098 4201; x_wconf 79' lang='lat' dir='ltr'><strong>sublimes</strong></span> <span class='ocrx_word' id='word_1_384' title='bbox 1121 4139 1155 4200; x_wconf 85' lang='grc' dir='ltr'><strong>1ο</strong></span> <span class='ocrx_word' id='word_1_385' title='bbox 1176 4136 1250 4200; x_wconf 77' lang='lat' dir='ltr'><strong>bede</strong></span> <span class='ocrx_word' id='word_1_386' title='bbox 1274 4133 1450 4216; x_wconf 81' lang='lat' dir='ltr'><strong>ponebant.</strong></span> 
     </span>
    </p>
   </div>
   <div class='ocr_carea' id='block_1_4' title="bbox 317 4282 1879 4564">
    <p class='ocr_par' dir='ltr' id='par_1_7' title="bbox 317 4282 1879 4564">
     <span class='ocr_line' id='line_1_33' title="bbox 317 4282 1879 4380; baseline -0.004 -21"><span class='ocrx_word' id='word_1_387' title='bbox 317 4282 360 4380; x_wconf 62' lang='lat'><strong>²¹)</strong></span> <span class='ocrx_word' id='word_1_388' title='bbox 380 4299 426 4358; x_wconf 83' lang='lat' dir='ltr'><strong>Ex</strong></span> <span class='ocrx_word' id='word_1_389' title='bbox 455 4304 620 4364; x_wconf 84' lang='lat' dir='ltr'><strong>conlectura</strong></span> <span class='ocrx_word' id='word_1_390' title='bbox 645 4303 772 4376; x_wconf 85' lang='lat' dir='ltr'><strong>Scioppii</strong></span> <span class='ocrx_word' id='word_1_391' title='bbox 801 4302 958 4361; x_wconf 86' lang='lat' dir='ltr'><strong>Muellerus</strong></span> <span class='ocrx_word' id='word_1_392' title='bbox 986 4303 1028 4360; x_wconf 86' lang='lat' dir='ltr'><strong>ito</strong></span> <span class='ocrx_word' id='word_1_393' title='bbox 1057 4304 1163 4377; x_wconf 85' lang='lat' dir='ltr'><strong>edidit,</strong></span> <span class='ocrx_word' id='word_1_394' title='bbox 1192 4304 1240 4377; x_wconf 90' lang='lat' dir='ltr'><strong>qui</strong></span> <span class='ocrx_word' id='word_1_395' title='bbox 1268 4317 1367 4361; x_wconf 83' lang='lat' dir='ltr'><strong>nerem</strong></span> <span class='ocrx_word' id='word_1_396' title='bbox 1388 4299 1539 4358; x_wconf 84' lang='lat' dir='ltr'><strong>lectionem</strong></span> <span class='ocrx_word' id='word_1_397' title='bbox 1561 4296 1655 4356; x_wconf 80' lang='lat' dir='ltr'><strong>adhuc</strong></span> <span class='ocrx_word' id='word_1_398' title='bbox 1672 4296 1763 4355; x_wconf 80' lang='lat' dir='ltr'><strong>latere</strong></span> <span class='ocrx_word' id='word_1_399' title='bbox 1785 4296 1879 4367; x_wconf 78' lang='lat' dir='ltr'><strong>putat.</strong></span> 
     </span>
     <span class='ocr_line' id='line_1_34' title="bbox 342 4391 1876 4481; baseline -0.008 -20"><span class='ocrx_word' id='word_1_400' title='bbox 342 4466 347 4477; x_wconf 61' lang='lat'>‚</span> <span class='ocrx_word' id='word_1_401' title='bbox 380 4399 501 4460; x_wconf 80' lang='lat' dir='ltr'><strong>Codices</strong></span> <span class='ocrx_word' id='word_1_402' title='bbox 527 4402 634 4462; x_wconf 83' lang='lat' dir='ltr'><strong>habeut</strong></span> <span class='ocrx_word' id='word_1_403' title='bbox 659 4402 786 4481; x_wconf 65' lang='grc' dir='ltr'><strong><em>ορολίος</em></strong></span> <span class='ocrx_word' id='word_1_404' title='bbox 806 4403 913 4474; x_wconf 88' lang='lat' dir='ltr'><strong>inepte.</strong></span> <span class='ocrx_word' id='word_1_405' title='bbox 956 4402 1122 4478; x_wconf 82' lang='lat' dir='ltr'><strong>Legeudum</strong></span> <span class='ocrx_word' id='word_1_406' title='bbox 1145 4419 1262 4462; x_wconf 87' lang='lat' dir='ltr'><strong>censeo:</strong></span> <span class='ocrx_word' id='word_1_407' title='bbox 1283 4400 1324 4461; x_wconf 84' lang='lat' dir='ltr'><strong>ab</strong></span> <span class='ocrx_word' id='word_1_408' title='bbox 1345 4400 1476 4460; x_wconf 76' lang='lat' dir='ltr'><strong>actione</strong></span> <span class='ocrx_word' id='word_1_409' title='bbox 1497 4395 1647 4475; x_wconf 77' lang='lat' dir='ltr'><strong>quadam.</strong></span> <span class='ocrx_word' id='word_1_410' title='bbox 1691 4392 1735 4457; x_wconf 80' lang='grc'><strong>111.</strong></span> <span class='ocrx_word' id='word_1_411' title='bbox 1756 4391 1790 4467; x_wconf 82' lang='lat' dir='ltr'><strong>V,</strong></span> <span class='ocrx_word' id='word_1_412' title='bbox 1813 4394 1876 4453; x_wconf 89' lang='lat' dir='ltr'><strong>ll.:</strong></span> 
     </span>
     <span class='ocr_line' id='line_1_35' title="bbox 1474 4510 1729 4564; baseline -0.016 4"><span class='ocrx_word' id='word_1_413' title='bbox 1474 4510 1477 4515; x_wconf 48' lang='lat'><em>⁴</em></span> <span class='ocrx_word' id='word_1_414' title='bbox 1713 4512 1729 4564; x_wconf 81' lang='lat'>2</span> 
     </span>
    </p>
   </div>
   <div class='ocr_carea' id='block_1_5' title="bbox 0 0 2191 5482">
    <p class='ocr_par' dir='ltr' id='par_1_8' title="bbox 0 0 2191 5482">
     <span class='ocr_line' id='line_1_36' title="bbox 0 0 2191 5482; baseline 0 0"><span class='ocrx_word' id='word_1_415' title='bbox 0 0 2191 5482; x_wconf 95' lang='lat' dir='ltr'><strong> </strong></span> 
     </span>
    </p>
   </div>
  </div>
 </body>
</html>
